2546 3890
204 350 206 355 ,
252 284 381 348 LUDUS
395 285 447 345 DE
461 285 593 347 MORTE
608 286 773 348 CLAUDII.
798 293 928 350 13—15.
995 239 1082 351 '275

110 441 236 502 Claudio
260 441 393 514 iniquum
414 439 512 514 magis
527 439 686 499 videbatur
700 455 791 514 quam
811 455 933 499 novum.
969 439 1015 498 De
1028 454 1081 514 ge-

109 541 184 584 nere
207 539 327 599 poenae
347 523 400 582 diu
421 523 607 597 disputatum
628 531 689 595 est,
713 523 788 596 quid
807 522 890 582 illum
912 523 973 597 pati
989 539 1079 598 opor·

108 616 206 668 teret:
235 615 322 668 erant
343 607 395 680 qui
416 605 566 679 dicerent,
595 607 732 666 sinnius
754 607 835 679 [dier]
857 606 1016 666 dilaturam
1036 607 1078 664 fe·

109 692 240 764 cissent,
259 691 416 749 Tantalum
436 689 685 764 sitiperiturum,
706 689 765 749 nisi
778 689 820 748 illi
835 696 1078 749 succurreretur·

110 775 184 852 [non
199 789 344 848 umquam
359 771 527 849 Sisyphum
543 787 636 832 onere
649 771 806 846 relevari,]
823 770 987 847 aliquando
999 771 1079 831 lxio-

108 857 158 917 nis
178 856 282 916 miseri
301 863 398 916 rotam
419 853 696 915 sufflaminandani.
737 855 804 916 Non
830 854 944 930 placuit
967 857 1021 916 ulli
1041 865 1111 921 exa

108 940 264 1000 veteribus
277 939 452 1000 missionem
465 939 545 1013 dari,
560 941 658 998 nevel
671 937 813 998 Claudius
825 953 971 1014 umquam
982 937 1080 998 simile

110 1031 259 1099 speraret.
293 1023 408 1082 Placuit
422 1037 533 1082 novam
546 1038 677 1097 poenam
689 1022 830 1082 constitui
842 1022 971 1096 debere,
987 1037 1080 1082 exco-

110 1107 266 1181 gitandum
282 1105 323 1164 illi
338 1105 474 1164 laborem
488 1105 609 1166 inritum
626 1112 656 1164 et
678 1105 805 1166 alicuius
821 1105 993 1180 cupiditatis
1009 1121 1079 1179 spe-

111 1188 189 1248 eiem
211 1189 277 1248 sine
300 1187 361 1248 fine
382 1194 413 1247 et
432 1185 553 1248 ellectu.
590 1189 666 1248 Tum
682 1189 805 1248 Aeacus
820 1188 902 1250 iubet
915 1189 997 1248 illurn
1013 1189 1080 1247 alea
1129 1262 1131 1266 Ι

110 1272 217 1332 ludere
232 1279 358 1346 pertusa
374 1271 485 1331 fritillo.
514 1281 545 1332 et
559 1273 618 1330 iam
633 1279 779 1348 coeperat
793 1272 943 1346 fugientes
958 1287 1081 1346 semper

109 1361 247 1425 tesseras
263 1370 410 1430 quaerere
425 1361 454 1412 et
467 1353 541 1414 nihil
555 1356 715 1430 proficere.

108 1439 175 1497 XV.
194 1439 415 1513 Numquotiens
428 1441 571 1499 missurus
584 1446 818 1520 erutresouuute
828 1439 945 1512 fritillo,
1096 1457 1111 1507 1

198 1522 480 1597 Utraquesuoduuo
490 1522 628 1596 sapiebat
641 1530 750 1582 tessere
762 1523 870 1595 fundo.

198 1607 324 1680 Cumque
337 1609 505 1666 recollectos
519 1608 643 1668 cuderet
654 1609 767 1668 mittere
780 1610 854 1666 telos

194 1690 311 1750 Lusum
324 1691 427 1750 similis
439 1705 554 1764 semper
567 1703 739 1765 semperque
748 1693 867 1765 petenti,

198 1773 454 1847 Deceperetidem.
477 1773 593 1846 resupit
605 1775 767 1848 dipttospue
776 1790 835 1848 per
846 1776 925 1847 ipsos

195 1857 308 1916 Fallere
322 1857 448 1916 adsiduo
462 1857 604 1916 dualiter
619 1859 687 1916 elec
698 1856 800 1928 furto:

195 1938 246 1998 Sic
258 1955 325 1999 cum
339 1943 399 1998 iem
412 1943 519 2000 summi
531 1945 693 2014 toupuutur
706 1941 836 2000 murina
849 1940 961 2010 montis,

195 2021 295 2082 Inrita
308 2021 445 2099 Sisyphio
458 2026 612 2082 uoluumur
624 2024 760 2098 pondere
772 2026 855 2083 oolto.

109 2105 264 2179 Adparuit
284 2105 384 2165 subito
406 2105 436 2164 c.
453 2106 565 2165 Caesar
586 2113 616 2166 et
635 2113 739 2181 petere
758 2106 840 2166 illum
860 2105 889 2164 in
905 2102 1113 2176 servitutemp

112 2185 231 2261 coepit:
254 2189 394 2264 producit
407 2195 516 2260 testea,
539 2190 590 2264 qui
602 2191 684 2250 illum
700 2189 837 2249 viderant
850 2189 889 2249 ab
904 2189 955 2249 illo
967 2186 1081 2263 flagris,

112 2271 239 2344 leruliS,
269 2271 406 2346 colaphis
427 2273 631 2346 vapulantem.
676 2272 878 2334 Adiudicatur
899 2272 929 2331 C.
949 2269 1081 2332 Caesari.

112 2354 226 2413 Caesar
245 2354 327 2414 illum
349 2356 454 2416 Aeaco
470 2356 571 2415 donat.
603 2356 630 2416 is
644 2355 812 2416 Menandro
827 2355 935 2415 liberto
951 2370 1008 2416 suo
1025 2363 1083 2416 tra·

112 2436 203 2510 didit,
218 2445 282 2497 uta
297 2437 521 2513 cognitionibus
537 2446 630 2499 esset.

146 2530 226 2599 [DIVI
244 2533 373 2586 CLAUDII
388 2535 534 2586 EXPLlClT
552 2534 746 2586 APOTHEOSIS
766 2535 888 2586 ANNAEI
907 2533 1052 2586 SENECAE

470 2617 533 2668 raa
550 2615 726 2684 sarnanu]
