2522 3906
125 257 133 274 ⁸
174 261 214 323 18
257 261 359 321 DIAL.
375 261 411 320 ll.
434 261 487 319 AD
507 257 691 319 SERENUM
708 257 782 317 NEC
801 257 980 318 lNlURIAM
997 257 1070 318 NEC

65 436 75 454 ·-
175 410 356 471 dissuasuro
379 411 477 484 legem
495 416 566 482 toga
591 409 622 467 in
649 409 716 468 loro
738 411 823 468 esset
842 416 948 482 erepta
970 409 1117 485 quodque

174 495 282 555 rostris
298 509 399 569 usque
415 493 453 551 ad
469 507 572 551 arcum
583 490 749 552 Fabianum
764 507 820 566 per
832 490 999 552 seditiosae
1014 493 1158 554 factionis

175 595 283 638 manus
305 577 434 638 traditus
455 591 550 636 voces
570 575 716 650 inprobas
741 582 770 635 et
790 583 883 650 sputa
903 583 933 636 et
960 575 1058 636 omnis
1080 577 1161 636 alias
1253 579 1254 590 ²

175 664 302 724 insanae
317 659 516 721 multitudinis
533 658 733 719 contumelias
748 660 934 735 pertulisset.

148 749 163 801 1
239 746 273 805 ll.
302 747 377 806 Tum
400 759 457 818 ego
479 741 627 817 respondi
647 742 761 811 habero
787 749 830 812 te,
858 743 942 817 quod
969 744 1162 818 reipublicae

176 830 298 891 nomine
319 826 501 899 movereris,
525 843 614 902 quam
635 825 707 886 hinc
726 825 757 884 P.
773 825 911 901 Clodius,
932 826 1003 887 hinc
1015 828 1161 888 Vatinius

177 930 213 976 ac
228 912 383 988 pessimus
400 909 532 986 quisque
544 910 749 970 venumdnbet
760 917 791 972 et
805 925 898 969 caeca
909 912 1075 986 cupiditate
1090 926 1161 970 cor·
1254 905 1255 908 ’

176 998 255 1072 repti
276 1013 338 1056 non
358 994 566 1069 intelligebant
585 1010 620 1054 se
641 994 712 1054 dum
734 994 883 1067 vendunt,
904 996 1072 1060 etvenire=
1100 1010 1162 1070 pra
1198 1031 1205 1036 -
1254 1005 1255 1010 ’

177 1081 246 1156 ipso
270 1081 393 1155 quidem
416 1078 529 1140 Catone
549 1093 691 1138 securum
705 1084 734 1137 te
749 1093 820 1137 esse
834 1076 921 1137 iussi.
950 1080 1064 1138 nullum
1079 1077 1163 1138 enim

178 1165 347 1240 sapientem
369 1178 426 1223 nec
442 1163 580 1222 iniuriam
595 1162 736 1236 accipere
752 1177 809 1220 neo
825 1161 1036 1222 contumeliam
1052 1177 1160 1236 posse,

179 1249 322 1309 Catonem
337 1254 439 1307 autern
454 1246 564 1306 certius
580 1246 736 1319 exemplar
751 1245 898 1318 sapientis
913 1246 970 1304 viri
981 1245 1069 1304 nobis
1082 1244 1162 1305 deos
1255 1277 1256 1284 κ

178 1331 355 1392 inmortales
380 1330 506 1390 dedisse
527 1345 619 1404 quam
639 1328 748 1388 Ulixen
772 1336 801 1387 et
821 1329 982 1389 Herculem
1004 1329 1162 1403 prioribus

179 1415 302 1477 seculis.
337 1413 396 1474 hos
417 1412 496 1472 enim
524 1410 619 1473 Stoici
645 1413 742 1472 nostri
768 1411 923 1485 sapientes
944 1411 1162 1486 pronuntiave-

178 1506 263 1574 runt,
278 1498 409 1558 invictos
423 1496 594 1568 laboribus,
610 1502 834 1570 contemptores
848 1497 1011 1570 voluptatis
1024 1504 1054 1555 et
1066 1496 1163 1554 victo-

151 1585 229 1644 2res
245 1581 379 1642 omnium
392 1587 550 1639 terrarum.
572 1577 644 1639 Cato
660 1595 720 1639 non
737 1594 806 1640 cum
822 1578 894 1638 seris
906 1595 1014 1639 manus
1026 1580 1163 1652 contulit,

180 1682 258 1742 quas
280 1662 451 1724 consectari
472 1661 626 1722 venatoris
647 1660 840 1736 agrestisque
862 1669 923 1736 est,
947 1678 1004 1722 uec
1026 1669 1167 1722 monstra
1256 1703 1257 1708 η

179 1751 250 1824 igne
271 1763 307 1808 aa
328 1748 408 1807 ferro
430 1753 612 1821 persecutus
634 1753 683 1806 est
703 1761 760 1806 nec
780 1747 810 1804 in
832 1761 869 1804 ea
889 1754 1026 1821 tempora
1047 1745 1164 1818 incidit,

181 1833 292 1915 quibus
315 1831 399 1891 credi
419 1838 528 1904 posset
543 1832 661 1890 coelum
676 1829 810 1890 humeris
822 1829 912 1890 unius
927 1831 1013 1888 inniti
1028 1845 1167 1889 excussa

180 1918 240 1977 iem
261 1915 386 1991 antiqua
406 1913 583 1974 credulitate
603 1920 633 1972 et
652 1914 758 1974 seculo
780 1915 821 1974 ad
842 1928 990 1974 summam
1011 1913 1165 1988 perducto
1257 1955 1258 1962 κ

182 1999 363 2060 sollertiam=
384 2013 452 2058 cum
475 1996 587 2056 ambitu
602 2012 805 2072 congressus,
827 1999 1001 2058 multiformi
1016 1999 1112 2070 malo,
1135 2006 1169 2057 et

181 2099 250 2144 oum
265 2081 416 2156 potentiae
427 2082 564 2140 inmensa
577 2081 750 2155 cupiditate,
764 2097 855 2156 quam
866 2088 947 2141 totus
961 2079 1043 2141 orbis
1057 2081 1166 2140 intres

182 2166 300 2226 divisus
316 2163 427 2226 satiare
442 2181 502 2224 non
518 2172 650 2239 poterat,
673 2165 822 2225 adversus
841 2165 912 2224 vitia
927 2165 1056 2225 civitatis
1071 2165 1152 2237 dege
1191 2218 1199 2229 ,

182 2248 316 2310 nerenns
338 2255 368 2308 et
388 2264 515 2322 pessum
536 2263 593 2307 sua
613 2249 693 2308 molc
714 2249 841 2308 sidentis
864 2249 945 2309 stetit
966 2250 1052 2308 solus
1069 2254 1099 2306 et
1114 2263 1153 2306 ca

182 2333 304 2392 dentem
323 2332 557 2406 rempublicam,
582 2338 726 2406 quantum
747 2333 838 2392 modo
863 2349 923 2392 una
941 2331 1053 2394 retrahi
1073 2347 1169 2391 manu

183 2422 317 2492 poterat,
339 2415 451 2488 tenuit,
473 2417 573 2476 donec
590 2417 639 2474 vel
659 2414 804 2490 abreptus
819 2417 869 2474 vel
884 2414 1053 2476 abstractus
1069 2414 1166 2475 comi-

182 2507 242 2560 tem
264 2515 299 2558 se
320 2499 372 2559 diu
393 2506 580 2560 sustentatae
606 2499 712 2558 ruinae
733 2499 817 2560 dedit
843 2500 995 2574 simulque
1015 2499 1169 2558 exstincta

184 2591 268 2658 sunt,
288 2599 368 2658 quae
382 2584 468 2644 nelas
484 2591 548 2644 erat
563 2581 665 2642 dividi.
689 2597 789 2657 neque
805 2583 883 2642 enim
900 2581 973 2644 Cato
990 2590 1060 2658 post
1074 2582 1166 2642 liber-

155 2669 274 2728 dtatem
292 2667 366 2727 vixit
380 2683 437 2727 neo
458 2668 582 2728 libertas
603 2672 674 2740 post
688 2665 840 2726 Catonem.
870 2666 947 2726 Huic
967 2674 1000 2727 tu
1016 2673 1103 2740 putas
1119 2667 1166 2724 in-

183 2751 290 2812 iuriam
311 2750 378 2812 lieri
399 2751 537 2826 potuisse
560 2767 579 2810 a
599 2751 727 2824 populo,
754 2751 838 2824 quod
859 2757 912 2810 aut
933 2758 1104 2824 praeturam
1121 2749 1166 2810 ill‘.

184 2835 313 2896 detraxit
327 2842 379 2896 aut
393 2840 515 2909 togam?
530 2834 614 2908 quod
628 2849 749 2894 sacrum
763 2835 836 2894 illud
852 2841 943 2909 caput
960 2833 1167 2908 purgamentis

185 2918 247 2979 oris
268 2919 442 2994 adspersit?
462 2917 556 2978 Tutus
577 2923 625 2977 est
641 2919 766 2992 sapiens
788 2933 845 2977 nee
861 2918 922 2978 ulla
937 2913 1028 2977 adiici
1048 2923 1099 2976 aut
1119 2916 1167 2974 in·

187 3001 264 3062 iuria
279 3010 332 3062 aut
346 3001 528 3062 contumelia
542 3008 652 3076 potest.

158 3088 174 3141 1
255 3085 320 3144 ill.
343 3085 459 3144 Videor
479 3083 551 3143 mihi
570 3084 680 3144 intueri
701 3085 833 3146 animum
854 3092 937 3145 tuum
958 3085 1115 3142 incensum
1137 3091 1169 3148 et

187 3168 446 3228 effervescentem.
476 3183 567 3242 paras
589 3168 778 3229 adclamare:
802 3169 911 3243 „Haec
927 3175 998 3228 sunt
1018 3181 1096 3242 quae
1111 3181 1166 3224 au-

187 3253 355 3312 ctoritatem
370 3252 542 3326 praeceptis
556 3252 665 3312 vestris
678 3253 844 3312 detrahant.
867 3264 977 3326 magna
993 3247 1169 3326 promittitis

187 3344 216 3394 et
232 3349 310 3408 quae
326 3349 365 3394 ne
377 3334 475 3410 optari
490 3336 622 3410 quidem,
637 3335 749 3396 nedum
761 3337 844 3396 credi
855 3333 985 3410 possint.
1001 3333 1111 3395 deinde
1123 3332 1168 3390 in-

188 3418 289 3492 gentia
303 3418 397 3479 locuti
413 3435 481 3478 cum
497 3435 665 3494 pauperem
678 3421 812 3494 negastis
824 3435 896 3478 esse
911 3419 1089 3492 sapientem,
1104 3431 1169 3475 non

188 3501 307 3576 negatis
329 3503 430 3566 solere
450 3502 493 3564 illi
514 3511 544 3563 et
563 3519 686 3563 servum
709 3503 768 3576 [vel
785 3501 938 3574 vestitum]
962 3508 992 3562 et
1013 3506 1124 3562 tectum
1139 3507 1173 3560 et
