2546 3890
484 667 525 750 la
546 665 686 750 illlll
712 664 884 750 tillim

440 818 489 868 AD
512 817 701 870 NERONEM
724 817 932 872 CAESAREM

320 905 1051 1033 onotxunurrl

599 1101 735 1165 iluna
754 1101 777 1163 1.

177 1390 192 1442 1
266 1377 289 1434 l.
319 1373 460 1434 Scribere
481 1373 521 1433 de
541 1371 716 1444 clementia,
737 1370 818 1430 Nero
836 1369 964 1443 caesar,
990 1371 1122 1446 institui,
1147 1380 1182 1432 ut

205 1458 431 1535 quodammodo
453 1456 572 1532 speculi
586 1457 654 1515 vice
668 1455 811 1528 fungerer
824 1460 855 1514 et
868 1461 897 1513 te
911 1452 965 1514 tibi
980 1455 1181 1515 ostenderem

204 1549 419 1618 perventurum
434 1540 474 1599 ad
488 1541 674 1614 voluptatem
689 1537 850 1598 maximam
865 1536 1007 1598 omnium.
1034 1539 1180 1614 quamvis

205 1627 284 1685 enim
303 1634 387 1685 recte
404 1625 552 1684 lectorum
565 1637 658 1681 verus
672 1621 788 1682 tructus
803 1621 843 1690 sit
859 1621 986 1694 iecisse,
1009 1637 1066 1682 nec
1081 1622 1179 1683 ullum

204 1707 348 1768 virtutum
369 1706 498 1780 prelium
519 1705 643 1780 dignum
664 1704 723 1764 iliis
744 1711 832 1765 extra
850 1704 936 1779 ipsas
959 1705 1012 1779 sit,
1033 1706 1119 1766 iuvat
1133 1707 1179 1765 in-

205 1791 325 1866 spicere
346 1797 376 1850 et
395 1790 553 1850 circumire
569 1789 682 1850 bonam
697 1789 929 1860 conscientiam,
949 1793 1011 1848 tum
1027 1788 1180 1850 inmittere
1262 1851 1263 1858 ,

206 1875 314 1937 oculos
328 1873 359 1933 in
373 1873 451 1934 hanc
465 1873 632 1933 inmensam
647 1871 868 1932 multitudinem
883 1871 1071 1947 discordem,
1095 1873 1179 1933 sedi·

205 1961 331 2032 tiosam,
351 1957 552 2033 inpotentem,
574 1958 605 2016 in
625 1955 790 2031 perniciem
812 1955 941 2016 alienam
956 1971 1105 2032 suamque
1122 1973 1179 2031 pa-

205 2044 278 2102 riter
298 2041 531 2115 exsultaturam,
560 2041 587 2100 si
606 2039 667 2100 lroc
687 2039 790 2114 iugum
810 2039 947 2114 inegerit,
974 2046 1005 2099 et
1026 2038 1067 2098 ita
1090 2040 1181 2118 loqui

179 2141 327 2194 asecum=
354 2124 461 2198 Egone
478 2139 516 2183 ex
533 2123 673 2184 omnibus
686 2121 865 2184 mortalibus
883 2122 983 2198 placui
998 2123 1181 2198 electusque

206 2224 283 2279 sum,
301 2205 354 2280 qui
368 2207 398 2265 in
412 2207 501 2266 terris
513 2207 640 2266 deorum
649 2207 718 2266 vice
734 2207 896 2281 fungerer?
916 2221 974 2281 ego
985 2207 1066 2268 vitae
1077 2207 1180 2267 necis-

207 2305 268 2365 que
287 2287 429 2364 gentibus
443 2288 575 2349 annitere
594 2290 715 2366 qualem
730 2291 861 2366 quisque
875 2297 989 2350 sortem
1005 2297 1182 2366 statumque

206 2372 332 2445 habeat,
354 2373 383 2430 in
403 2388 495 2432 manu
514 2389 582 2433 mea
602 2374 736 2448 positum
757 2379 824 2434 estt
848 2373 921 2448 quid
940 2375 1051 2449 cuique
1065 2381 1181 2436 morta·

206 2456 279 2518 lium
292 2455 426 2516 Fortuna
436 2456 539 2517 datum
553 2456 639 2529 velit,
655 2472 792 2517 macore
808 2457 1000 2532 pronuntiati
1020 2473 1059 2516 ex
1070 2466 1181 2518 nostro

207 2555 360 2615 responso
380 2537 512 2601 laetitiae
536 2555 645 2602 causas
670 2542 778 2615 populi
802 2540 957 2616 urbesque
982 2542 1183 2616 concipiunt?
1261 2553 1262 2556 ’

144 2639 145 2642 ’
207 2625 290 2684 nulla
310 2639 383 2698 pars
403 2639 534 2698 usquam
552 2623 611 2683 nisi
632 2623 752 2684 volente
774 2624 969 2699 propitioque
993 2641 1041 2684 me
1068 2623 1183 2685 floret?

87 2721 93 2729 ·
207 2709 284 2767 haec
303 2713 349 2767 tot
370 2706 450 2766 milia
470 2705 654 2782 gladiorum,
677 2723 756 2781 quae
776 2724 837 2782 pax
858 2723 926 2766 mea
939 2707 1115 2782 conprimit,
1139 2708 1182 2767 ad

208 2797 312 2850 nutum
328 2805 427 2850 meum
442 2788 647 2864 stringemus
670 2807 748 2863 quas
763 2791 902 2851 nationes
918 2791 1053 2850 funditus
1066 2791 1181 2864 excidi,

209 2890 286 2950 quas
309 2873 522 2947 transportari,
544 2873 655 2948 quibus
677 2874 844 2934 libertatem
859 2873 940 2946 dari,
965 2872 1075 2949 quibus
1092 2873 1181 2950 eripi,

209 2973 289 3032 quos
309 2971 399 3030 reges
419 2956 571 3030 mancipia
590 2957 656 3016 lieri
677 2972 870 3032 quorumque
885 2957 975 3032 capiti
989 2958 1106 3032 regium
1122 2959 1181 3017 cir-

209 3039 344 3100 cumdari
365 3038 460 3100 decus
476 3045 630 3114 oporteat,
655 3056 735 3112 quae
748 3048 838 3100 ruant
851 3038 960 3113 urbes,
982 3057 1063 3115 quae
1079 3041 1181 3101 orian-

180 3132 270 3196 3tur,
287 3137 355 3181 mea
366 3122 534 3182 iurisdictio
546 3129 615 3182 ests
645 3123 679 3181 ln
691 3123 748 3182 bac
759 3130 841 3183 tanta
852 3123 993 3184 facultate
1003 3139 1105 3184 rerum
1118 3141 1181 3185 non

209 3206 254 3264 ira
274 3220 321 3262 me
342 3205 381 3263 ad
402 3204 508 3281 iniqua
524 3205 675 3280 supplicia
690 3206 839 3281 conpulit,
860 3222 922 3266 non
936 3205 1079 3268 iuvenilis
1093 3207 1181 3283 inpe-
1260 3263 1261 3274 ,

209 3298 273 3360 tus,
296 3303 357 3346 non
375 3288 528 3350 temeritas
548 3287 701 3348 hominum
717 3295 747 3348 et
761 3289 965 3364 contumacia,
989 3307 1069 3366 quae
1084 3306 1182 3365 saepe
1260 3285 1261 3354 3

209 3369 465 3444 tranquillissimis
493 3387 617 3447 quoque
642 3371 818 3446 pectoribus
844 3373 1019 3447 patientiam
1039 3375 1181 3446 extorsit,
1260 3395 1261 3438 ξ

211 3470 272 3512 non
292 3451 362 3526 ipsa
385 3453 584 3513 ostentandae
604 3471 660 3528 per
681 3461 812 3514 terrores
833 3457 987 3530 potentiae
1008 3456 1093 3531 dira,
1123 3458 1183 3518 sed

109 3557 111 3564 ,
212 3537 358 3610 frequens
378 3535 495 3608 magnis
515 3535 649 3609 imperiis
669 3535 775 3610 gloria.
809 3537 984 3608 conditum,
1000 3540 1091 3600 immo
1107 3557 1181 3602 con·
