2554 3888
204 185 269 248 232
400 185 433 244 L.
455 185 603 244 ANNAEi
623 183 798 248 SENECAE
819 183 922 244 DlAL.
935 175 986 242 XI.

208 339 328 410 tulerot,
350 338 470 398 tribuno
487 351 612 412 quoque
628 336 728 410 piebis
742 337 877 410 privatus
901 336 1088 396 intercessit:
1120 345 1183 396 tani
1255 341 1256 398 f

208 437 318 496 magno
335 429 433 482 tamen
448 423 568 480 iratrem
581 419 767 480 desideravit
777 419 827 478 hic
838 421 953 490 animo,
970 435 1062 496 quam
1074 419 1183 478 deien-

174 505 301 566 5derat.
319 505 396 580 Quid
407 505 536 564 rcicrom
544 504 745 563 Aemilianum
753 501 937 578 Scipionem,
946 503 1001 578 qui
1009 519 1074 566 uno
1082 517 1185 577 paene

206 589 380 663 eodemque
400 595 537 662 tempore
558 586 707 662 spectavit
724 587 823 662 patris.
834 587 1019 664 triumphum
1034 587 1182 646 duorum-

207 688 268 747 que
290 673 412 732 fratrum
433 673 561 732 funcra?
588 671 834 736 adulescentulus
850 680 1000 732 tamenac
1015 685 1182 746 propemo-

207 757 280 816 dum
309 771 385 830 puer
413 763 495 816 tanto
520 754 621 814 animo
647 754 714 816 tutti
734 754 814 818 iilum
835 753 967 816 familiae
986 769 1063 816 suae
1086 768 1184 827 super

207 840 309 914 ipsum
330 838 414 898 Pauli
435 837 618 912 triumphum
640 837 829 902 concidentis
850 837 982 900 subitam
999 837 1183 907 vastitatem,

208 929 322 997 quanto
344 918 449 982 debuit
469 922 548 982 ierre
567 923 614 980 vir
635 921 664 979 in
684 920 743 982 hoc
760 929 869 996 natuS,
888 937 928 984 ne
941 921 1008 982 urbi
1022 922 1184 981 Romanae

208 1013 260 1066 aut
275 1004 378 1080 Scipio
395 1005 519 1066 deesset
533 1012 585 1070 aut
600 1005 748 1079 Carthago
764 1012 952 1080 superesset
1130 1053 1133 1056 .

178 1099 196 1151 1
269 1089 335 1148 XV.
352 1089 419 1165 [34]
436 1088 511 1162 Quid
523 1089 650 1148 reseram
659 1089 788 1150 duorum
796 1088 991 1156 inediarum
998 1086 1181 1162 diremptam
1200 1133 1202 1138 .

208 1179 305 1233 morte
320 1173 538 1233 concordium?
561 1173 633 1247 quid
648 1173 834 1250 Pompeios?
856 1172 970 1248 ortibus
981 1186 1021 1238 nc
1035 1171 1096 1232 hoc
1113 1170 1181 1246 qui·
1255 1239 1256 1256 χ

207 1257 278 1316 dem
299 1257 440 1316 saeviens
459 1257 579 1331 reliquit
598 1257 733 1330 fortuna,
755 1263 788 1318 ut
808 1273 869 1316 una
890 1256 1021 1330 denique
1037 1255 1181 1315 concide·

207 1347 275 1399 rent
291 1341 392 1399 ruina:
415 1341 490 1399 vixit
506 1339 617 1402 Sextus
631 1339 796 1414 Pompeius
814 1341 942 1416 primunt
957 1340 1058 1402 sorori
1071 1353 1182 1412 super·
1255 1375 1256 1414 p

208 1431 292 1496 stes,
322 1425 409 1484 cuius
435 1433 530 1483 morte
555 1423 667 1497 optime
696 1423 892 1484 cohaerentis
911 1424 1070 1490 Romanae
1094 1421 1183 1496 pacis
1255 1419 1256 1498 1

207 1509 330 1566 vincula
343 1509 478 1568 resoluto
490 1504 569 1566 sunt.
593 1507 735 1582 idemque
747 1506 795 1566 hic
806 1507 882 1567 vixit
892 1512 1052 1581 superstes
1064 1505 1182 1580 optimo

208 1589 306 1663 fratri,
327 1607 416 1665 quem
439 1592 558 1650 fortuna
577 1589 607 1648 in
622 1589 681 1649 hoc
695 1599 849 1664 erexerat,
868 1605 908 1650 ne
921 1589 1023 1652 minus
1037 1591 1097 1649 alie
1112 1603 1181 1647 cum
1255 1589 1256 1592 ’

208 1674 359 1748 deiceret,
386 1690 478 1749 quam
503 1682 619 1750 patrem
644 1673 805 1734 deiecerat.
836 1680 866 1734 et
885 1681 958 1749 post
977 1673 1059 1732 hunc
1079 1679 1180 1732 tanren

209 1773 316 1819 casum
337 1757 449 1818 Sextus
468 1757 633 1834 Pompeius
653 1774 714 1820 non
736 1765 850 1818 tantum
870 1757 982 1830 dolori,
1012 1756 1069 1815 sed
1091 1755 1182 1814 etiam

176 1841 291 1902 2beito
306 1841 437 1903 suffecit.
468 1841 701 1902 innumerabilia
714 1842 850 1916 undique
866 1842 1006 1915 exempla
1021 1845 1181 1914 separato-

206 1942 274 1987 rum
289 1933 385 1986 morte
400 1927 524 1986 fratrum
540 1933 734 1986 succurrunt:
755 1925 847 1985 immo
863 1933 968 1984 contra
981 1925 1030 1982 vix
1042 1924 1105 1982 uila
1115 1938 1180 1982 um-

208 2027 299 2083 quam
319 2010 427 2069 horum
445 2011 531 2083 paria
545 2017 713 2083 conspecta
727 2016 798 2068 sunt
811 2025 873 2068 una
888 2007 1091 2068 senescentia.
1125 2006 1181 2066 sed
1255 1995 1256 2064 t

208 2100 369 2152 contentus
390 2100 514 2159 nostrae
532 2093 805 2167 domusexcmplis
821 2108 884 2152 cro.
920 2090 1108 2153 nemocnim
1121 2097 1181 2150 tam
1255 2095 1256 2176 ξ

208 2191 321 2250 expers
337 2177 393 2234 erit
408 2191 518 2237 sensus
534 2192 570 2234 ac
587 2177 737 2247 sanitatis,
760 2184 792 2236 ut
806 2177 958 2237 fortunam
970 2175 1025 2239 uiti
1036 2180 1184 2250 queratur
1255 2179 1256 2266 i

208 2259 321 2318 luctum
333 2259 480 2331 intulisse,
494 2275 584 2334 quem
596 2260 671 2320 sciet
682 2261 771 2320 etiam
784 2259 949 2320 Caesarum
959 2259 1100 2319 lacrimas
1109 2274 1181 2318 eon·
1255 2269 1256 2324 i

176 2343 343 2418 erupisse.
371 2343 467 2404 Divus
481 2345 640 2418 Augustus
656 2345 755 2404 amisit
767 2343 920 2404 Octaviam
937 2358 1075 2404 sororem
1088 2343 1181 2400 caris-
1255 2333 1256 2392 i

209 2426 317 2486 simum
332 2433 361 2486 et
375 2443 414 2486 ne
430 2427 456 2486 ei
469 2427 592 2502 quidem
602 2443 702 2487 rerum
714 2435 822 2488 natum
832 2426 956 2502 lugendi
967 2425 1182 2486 necessitatem

189 2585 192 2592 ⁴
209 2509 347 2584 abstulit,
367 2511 414 2570 cui
431 2505 549 2572 coelum
566 2511 787 2572 destinaverat=
810 2513 901 2572 immo
917 2527 990 2570 vero
1006 2510 1089 2568 idem
1101 2508 1182 2569 omni

207 2609 321 2675 genere
343 2593 480 2656 orbitatis
500 2603 630 2656 vexatus
647 2594 764 2655 sororis
778 2594 873 2654 filium
888 2593 1080 2658 successioni
1094 2607 1181 2668 prac-

208 2685 347 2754 paratum
369 2694 444 2740 suae
467 2679 606 2754 perdidit.
643 2677 776 2753 denique
794 2694 832 2736 ne
848 2679 985 2752 singulos
1001 2677 1068 2738 eius
1082 2679 1183 2736 luctus

209 2776 399 2834 enumerem,
415 2771 445 2822 et
458 2773 590 2839 generos
605 2763 655 2820 iile
667 2763 766 2822 amisit
777 2769 806 2822 et
818 2762 930 2826 liberos
943 2769 973 2820 et
984 2769 1130 2836 nepotes,
1146 2775 1183 2818 ac

208 2860 298 2906 nemo
313 2846 408 2920 magis
422 2863 461 2906 ex
473 2847 613 2908 omnibus
626 2847 803 2908 mortalibus
815 2846 968 2908 hominem
975 2860 1046 2906 esse
1055 2860 1099 2914 se,
1111 2845 1182 2902 dum

208 2929 287 2988 inter
306 2928 447 2990 homines
470 2938 550 3004 erat,
573 2931 684 2990 sensit:
713 2936 813 2988 tamen
834 2938 878 2990 tot
898 2938 1063 3004 tantosque
1083 2929 1181 2988 luctus

209 3015 290 3086 cepit
304 3029 406 3074 rerum
422 3015 555 3076 omnium
570 3014 803 3087 capacissimum
819 3015 884 3074 cius
900 3020 1012 3088 pectus
1024 3011 1182 3085 victorque
1255 3045 1256 3086 3

209 3095 299 3156 divus
320 3100 478 3172 Augustus
500 3115 561 3158 non
584 3097 719 3172 gentium
743 3097 952 3158 tantummodo
978 3103 1181 3166 externarum,
1255 3103 1256 3108 ’

174 3189 198 3244 4
211 3178 267 3237 sed
280 3179 368 3240 etiam
380 3183 519 3241 doiorum
532 3181 595 3241 suit.
619 3181 842 3255 CaiusCaesar,
859 3181 920 3242 divi
931 3181 1072 3255 Augusti,
1089 3194 1180 3238 avun·
1255 3187 1256 3264 t

209 3260 269 3320 cuii
282 3263 349 3336 mei,
365 3264 445 3324 filius
458 3282 494 3326 aa
506 3281 615 3338 nepos
631 3266 711 3325 eirca
724 3267 839 3338 primos
850 3266 1182 3332 iuventaosuacaimos

208 3345 333 3404 Lucium
350 3347 472 3406 fratrem
488 3350 679 3409 carissimum
695 3349 754 3408 sibi
768 3351 913 3424 princeps
925 3347 1088 3410 iuventutis
1101 3345 1180 3420 prin-

208 3429 309 3504 cipem
325 3428 463 3491 eiusdem
478 3433 641 3494 iuventutis
657 3431 756 3492 antisit
770 3434 799 3492 in
812 3433 960 3508 adparatu
970 3429 1102 3494 Parthici
1113 3427 1181 3492 uerti
