2554 3888
192 271 253 334 190
359 236 368 256 ⁸
406 268 596 328 cannam
612 255 787 328 sennenn
801 269 903 329 nmo.
920 269 967 328 nr.

192 423 349 499 pentibuS,
377 420 511 495 quaein
536 434 685 478 summum
711 433 872 493 cacumen,
899 419 1009 478 deinde
1024 421 1054 478 in
1070 421 1162 481 imum

190 507 297 568 inanes
312 511 458 580 aguntur:
485 503 533 562 his
548 501 686 578 plerique
701 503 828 561 similem
845 503 935 563 vitam
951 513 1059 577 agunt,
1086 523 1165 579 quo-

161 600 255 653 4rum
280 605 340 648 non
361 588 498 647 inmerito
521 587 590 662 quis
606 587 769 661 inquietam
785 587 923 646 inertiam
939 586 1057 648 dixerit.
1081 588 1164 661 Quo·
1263 611 1264 632 2

189 675 327 735 rumdam
344 671 432 747 quasi
445 671 484 730 ad
495 669 669 730 incendium
681 669 863 729 currentium
877 670 1048 740 misereris:¹
1064 688 1166 746 usque

190 774 227 818 eo
247 757 395 831 inpellunt
416 754 525 814 obvios
542 762 572 813 et
586 771 620 813 se
637 754 775 828 aliosque
791 755 1005 828 praecipitant,
1032 771 1101 814 eum
1116 757 1163 814 in-

190 843 274 900 terim
300 845 497 899 cucurrerunt
513 846 564 897 aut
578 838 734 898 salutaturi
757 837 890 912 aliquem
904 855 965 897 non
981 841 1163 899 resalutatu-

190 941 257 984 rum
269 931 320 982 aut
331 925 421 982 lanus
434 923 528 996 ignoti
539 921 669 982 hominis
683 922 889 995 prosecuturi,
902 929 953 982 aut
965 923 1008 980 ad
1018 923 1164 982 iudicium

191 1023 286 1081 saepe
301 1005 444 1080 litigantis
460 1013 512 1066 aut
528 1005 567 1064 ad
582 1005 739 1080 sponsalia
753 1020 849 1080 saepe
863 1005 1020 1080 nubentiS,
1035 1013 1065 1064 et
1079 1007 1163 1066 lecti-

191 1107 257 1151 cam
284 1091 431 1151 adsectati
459 1089 641 1164 quibusdam
666 1090 743 1148 locis
764 1085 853 1148 etiani
876 1089 1017 1150 tulerunt.
1052 1091 1164 1150 deinde

191 1177 313 1234 domum
332 1191 399 1234 eum
414 1189 607 1248 supervacua
621 1173 783 1232 redeuntes
798 1172 980 1232 lassitudine
994 1173 1095 1233 iurant
1109 1190 1161 1232 ne·
1208 1198 1210 1203 ·

191 1259 289 1318 scisse
308 1264 366 1331 [se]
381 1257 483 1332 ipsos,
501 1273 594 1332 quare
610 1257 752 1330 exierint,
767 1256 819 1316 ubi
836 1258 953 1330 luerint,
970 1264 1096 1332 postero
1112 1259 1161 1316 die

161 1343 317 1407 terraturi
338 1357 393 1418 per
415 1343 522 1402 eadem
539 1341 589 1399 illa
602 1341 739 1414 vestigia.
775 1339 878 1400 Omnis
893 1342 996 1415 itaque
1009 1343 1097 1401 labor
1110 1342 1163 1400 alin
1263 1375 1264 1380 κ

192 1443 253 1501 quo
269 1427 433 1500 reseratur,
455 1426 558 1500 aliquo
573 1425 725 1498 respiciat.
757 1424 823 1484 Non
838 1423 987 1484 industria
998 1425 1161 1499 inquietos

190 1512 243 1570 sed
261 1510 387 1583 insanos
410 1511 505 1568 lalsae
526 1524 627 1568 rerum
648 1507 796 1582 imagmes
819 1509 941 1581 agitant.
976 1525 1045 1567 narn
1067 1525 1106 1568 ne
1121 1509 1161 1566 illi

193 1593 316 1668 quidem
337 1595 402 1652 sine
417 1593 520 1666 aliqua
535 1607 591 1665 spe
606 1598 780 1651 moventur:
808 1592 933 1666 proritat
949 1592 1018 1652 illos
1034 1591 1162 1652 alieuius
1263 1635 1264 1642 κ

190 1677 235 1734 rei
260 1678 396 1750 speeies,
424 1677 509 1734 cuius
536 1675 697 1749 vanitatem
719 1682 809 1749 capta
829 1691 915 1734 mens
937 1691 998 1734 non
1016 1675 1162 1750 coarguit.

163 1760 307 1820 liEodem
333 1761 425 1820 modo
447 1775 694 1834 unumquemque
715 1775 754 1817 ex
776 1759 840 1831 his,
865 1760 917 1832 qui
939 1761 978 1820 ad
993 1761 1162 1833 augendam

190 1843 309 1904 turbam
324 1851 449 1917 exeunt,
465 1845 572 1902 inanes
589 1850 618 1900 et
632 1844 716 1920 leves
729 1857 840 1902 causae
850 1858 906 1917 per
918 1843 1024 1902 urbem
1036 1843 1161 1903 circum-

191 1929 306 2008 ducunt
319 1928 455 2006 nihilque
468 1927 645 1999 habentem,
662 1926 691 1982 in
708 1927 792 2000 quod
807 1927 939 2000 laboret,
961 1929 1015 1986 lux
1030 1934 1096 1986 orta
1110 1943 1162 1985 ex·

191 2012 290 2086 pellit,
313 2017 343 2070 et
366 2027 433 2071 cum
454 2012 616 2070 multorum
632 2011 744 2069 frustra
759 2011 910 2070 liminibus
925 2011 1022 2070 illisus
1037 2026 1161 2070 nomen-

192 2096 344 2154 eulatores
359 2086 570 2168 persalutavit,
585 2110 604 2152 a
617 2094 717 2152 multis
731 2095 874 2154 exclusus
887 2095 1035 2154 neminem
1048 2111 1087 2153 ex
1101 2111 1162 2154 om·
1263 2101 1264 2112 ¹

163 2179 280 2238 inibus
307 2177 459 2236 difficilius
486 2177 568 2236 domi
595 2194 685 2251 quam
711 2193 746 2237 se
767 2179 917 2238 convenit.
948 2179 1068 2238 Exltoc
1084 2179 1163 2237 malo

192 2259 346 2334 dependet
358 2260 685 2321 illudteterrimum
699 2260 849 2334 vitium,
871 2263 1113 2323 auscultatio
1129 2270 1165 2321 et

192 2343 1163 2420 publicorumsecretorumqueinquisitioelmul·
1263 2335 1264 2356 ¹

191 2435 313 2487 tarum
328 2443 450 2487 rerum
465 2429 646 2502 seientia,
665 2445 761 2510 quae
778 2445 846 2489 nec
862 2437 941 2490 tuto
958 2437 1166 2489 narrantur

191 2511 590 2572 nectutoaudIuntur.

163 2605 178 2654 1
249 2596 325 2656 Xlll.
359 2596 425 2655 Hoc
451 2603 589 2656 secutum
613 2603 687 2670 puto
709 2597 915 2657 Democritum
940 2599 982 2656 ita
1002 2597 1163 2670 coepisse:
1263 2603 1264 2624 ¹

191 2680 249 2751 Qui
261 2683 419 2754 tranquille
431 2685 505 2741 volet
515 2683 624 2753 oium,
639 2698 694 2741 aec
698 2684 840 2756 privatim
852 2689 924 2755 opat
933 2684 1025 2746 mulla
1036 2697 1091 2740 aec
1100 2697 1164 2755 pu·
1263 2689 1264 2692 ’

191 2765 279 2837 llice,
306 2764 346 2823 ad
367 2779 560 2838 supervacua
575 2764 691 2825 scilicet
705 2766 895 2824 referentem.
930 2764 1040 2824 namsi
1056 2777 1164 2822 neees-

192 2847 272 2906 saria
288 2855 371 2919 sunt,
388 2855 417 2910 et
432 2849 571 2922 privatim
586 2855 615 2907 et
630 2847 753 2922 publice
768 2865 830 2909 non
845 2856 959 2908 tantum
977 2850 1085 2920 multa,
1107 2847 1165 2906 sed

190 2931 419 2991 innumerabilia
430 2933 549 3006 agenda
561 2940 646 2992 sunt:
661 2932 725 2992 ubi
740 2948 813 2992 vcro
827 2935 972 2993 nullum
985 2931 1165 2990 ollioium

162 3015 1054 3090 asollemnenoscitat,inhibendaeactiones.
1087 3014 1165 3072 Nam

192 3099 243 3172 qui
259 3101 352 3158 multa
366 3099 437 3174 agit,
453 3115 547 3174 saepe
562 3100 702 3160 lortunae
712 3106 896 3174 potestatem
912 3100 961 3160 sui
975 3100 1054 3172 iacit,
1073 3113 1165 3172 quam
1263 3135 1264 3138 κ

190 3181 373 3242 tutissimum
388 3191 435 3244 est
448 3200 517 3244 raro
534 3183 683 3258 experiri,
706 3191 840 3243 ceterum
855 3199 978 3259 semper
992 3184 1031 3243 de
1046 3183 1097 3242 illa
1113 3199 1165 3240 co·
1263 3215 1264 3232 l

190 3265 286 3339 gitare
311 3274 340 3325 et
363 3266 436 3326 nihil
461 3267 519 3328 sibi
541 3269 579 3326 de
594 3268 655 3328 fide
670 3269 735 3328 eius
753 3267 953 3342 promittere„
970 3266 1165 3342 „Navigabq
1263 3299 1264 3312 κ

190 3348 249 3408 nisi
265 3349 292 3407 si
308 3349 382 3423 qnid
396 3349 544 3412 inciderit.
554 3357 571 3385 “
594 3359 625 3410 et
638 3397 655 3425 ‚,
664 3360 788 3426 praetor
802 3351 886 3424 liam,
905 3352 964 3411 nisi
979 3351 1006 3412 si
1021 3351 1095 3424 quid
1110 3348 1167 3409 oo*
1263 3367 1264 3420 y

191 3431 306 3493 stiterit.
317 3437 334 3464 ‘⁴
367 3439 397 3492 et
421 3435 612 3510 „negotiatio
639 3435 711 3494 milri
732 3436 950 3510 respondebit,
975 3433 1075 3498 nisisi
1092 3433 1168 3508 quid

161 3517 391 3576 sintervenerit.
401 3521 418 3550 “
440 3518 507 3577 Hoc
522 3527 569 3578 est
585 3535 679 3593 quare
694 3519 824 3594 sapienti
836 3519 909 3581 nihil
925 3527 1031 3582 eontra
1045 3517 1167 3593 opinio·
