2528 3906
176 236 231 294 AD
254 235 437 294 maacmll
459 235 509 294 DE
531 235 832 296 CONSOLATIONE.
858 245 957 300 1011.
998 235 1058 300 127

81 394 172 460 teque
189 385 385 459 inquietares,
410 393 535 444 mortem
557 393 586 445 et
600 387 721 445 timeres
743 393 773 446 et
789 394 913 462 optares
929 396 958 447 et
974 389 1057 463 quod

80 477 127 528 est
149 467 333 542 pessimum,
355 484 518 542 numquam
535 471 646 542 scires,
668 469 755 529 euius
777 485 865 530 esses
887 479 994 531 slatus.
1026 473 1056 532 Si

82 552 150 626 quis
159 551 335 630 Syracusas
345 551 595 632 petentidiceret=
609 554 730 624 „omnia
739 553 940 628 incommoda,
951 571 1057 615 onmes

80 636 255 710 voluptates
282 635 401 695 laturae
424 634 675 710 peregrinationis
702 645 772 696 tuae
801 644 871 697 ante
893 653 1057 712 cognosce,

81 717 193 778 deinde
208 720 249 778 ita
264 720 382 793 naviga.
407 719 482 779 haec
498 727 577 792 sunt,
594 735 672 794 quae
685 721 793 780 mirari
801 722 923 796 possis:
938 721 1058 782 videbis

82 802 211 876 primum
223 803 323 876 ipsam
335 803 463 862 insulam
479 803 612 863 abitalia
628 811 758 879 angusto
774 805 981 865 interscissam
1000 807 1059 864 ire·

81 893 121 958 to,
134 902 226 959 quarn
242 886 407 946 continenti
420 887 574 962 quondam
587 887 766 947 cohaesisse
775 895 902 950 constat.
926 889 1058 950 subitum

84 970 132 1028 illo
148 983 233 1028 mare
248 969 360 1044 inrupit
374 977 404 1029 et
767 1043 770 1047 .

304 1054 480 1129 Hesperium
493 1053 593 1114 Siculo
607 1058 684 1114 latua
695 1057 827 1116 abscidit.

83 1135 194 1194 deinde
209 1135 339 1211 videbis,
354 1137 456 1196 licebit
473 1137 553 1195 enim
570 1137 620 1197 tibi
635 1137 845 1198 avidissimum
861 1137 954 1198 maris
969 1138 1058 1198 verti-

83 1235 147 1278 cem
174 1219 375 1292 restringere,
410 1227 534 1288 strutam
560 1221 640 1279 illum
669 1222 838 1282 fabulosam
865 1220 1058 1298 Charybdim,

84 1302 229 1377 quamdiu
242 1303 280 1362 ab
293 1312 396 1363 austro
406 1311 503 1377 vacat,
519 1310 550 1363 at
563 1303 589 1363 si
602 1304 675 1378 quid
691 1305 762 1364 inde
774 1304 980 1364 vehementius
996 1304 1058 1378 spi-

82 1387 167 1456 ravit,
185 1402 295 1460 magno
312 1387 393 1448 hiatu
408 1387 624 1462 profundoque
640 1389 760 1462 navigia
775 1388 957 1448 sorbentem.
975 1388 1057 1446 vide·
1074 1393 1091 1459 2,

82 1470 128 1528 his
149 1470 421 1531 celebratissimum
444 1471 626 1530 carminibus
648 1473 758 1531 iontem
775 1471 972 1544 Arethusam,
994 1473 1058 1530 niti-

83 1553 200 1612 dissimi
216 1569 252 1612 ac
274 1555 421 1629 perlucidi
438 1555 474 1614 ad
491 1555 583 1614 imum
606 1557 714 1630 stagni,
735 1555 940 1629 gelidissimas
963 1570 1060 1630 aquus

86 1637 329 1712 profundentem,
346 1639 411 1698 sive
427 1639 493 1698 illas
509 1638 549 1697 ibi
565 1639 694 1713 primum
710 1638 864 1698 nascentis
880 1640 1002 1710 invenit,
1020 1639 1060 1697 si·

85 1737 122 1780 ve
144 1721 246 1794 ipsum
261 1721 394 1781 interris
410 1722 523 1781 ilumen
547 1721 696 1796 integrum
712 1723 816 1782 subter
831 1731 874 1782 tot
889 1723 984 1782 maria
998 1730 1028 1782 et
1043 1739 1061 1780 a

84 1805 267 1864 contusione
283 1805 397 1879 peioris
408 1807 510 1866 undae
525 1814 678 1866 servatum
690 1806 831 1865 reddidit.
856 1806 974 1865 videbis
990 1821 1047 1880 por
1075 1808 1091 1862 t

84 1895 144 1947 tum
161 1887 383 1962 quietissimum
397 1887 538 1961 omnium,
561 1879 640 1965 qu'os
656 1899 707 1950 aut
722 1896 829 1948 natura
846 1890 950 1964 posuit
971 1890 998 1947 in
1017 1897 1059 1948 tu-

83 1973 173 2032 telam
189 1973 333 2032 classium
349 1981 400 2033 aut
415 1974 531 2034 adiuvit
544 1989 661 2046 manus,
677 1971 722 2032 sie
740 1980 844 2045 tutum,
865 1979 898 2032 ut
913 1989 950 2031 ne
966 1972 1059 2031 maxi—

82 2072 198 2115 marum
215 2056 337 2132 quidem
353 2063 566 2132 tempestatum
587 2058 673 2118 loeus
689 2058 781 2116 lurori
798 2056 844 2116 sit,
873 2056 991 2116 videbis
1010 2055 1060 2115 ubi

81 2138 270 2200 Athenarum
290 2142 423 2214 potentia
445 2143 549 2213 fracta,
570 2141 622 2200 ubi
641 2149 684 2202 tot
701 2141 782 2200 milia
803 2139 990 2216 captivorum
1012 2139 1060 2198 ille

83 2225 197 2284 excisis
217 2225 246 2284 in
263 2223 406 2284 infinitam
430 2225 617 2286 altitudinem
639 2224 722 2284 saxis
744 2225 864 2285 nativus
888 2239 993 2284 career
1015 2221 1058 2282 iu-

83 2309 225 2377 cluserat,
248 2309 345 2383 ipsam
368 2309 517 2383 ingeutem
540 2308 689 2368 civiutem
710 2315 739 2366 et
760 2309 859 2369 laxius
880 2307 1061 2367 territorium

83 2409 175 2465 quant
192 2393 350 2451 multarum
366 2393 484 2452 urbium
500 2393 577 2452 fines
593 2399 671 2466 sunt,
687 2390 876 2466 lepidissima
890 2390 1017 2450 hiberna
1032 2396 1062 2448 et

84 2476 200 2534 nullum
219 2476 299 2535 diem
320 2477 386 2534 sine
407 2476 576 2536 interventu
597 2476 682 2535 solis.
712 2473 774 2533 Sed
795 2490 864 2535 curu
885 2474 984 2532 omnia
1004 2471 1093 2531 ista5

83 2561 278 2633 cognoveris,
294 2559 396 2634 gravis
417 2569 447 2621 et
461 2558 625 2620 insalubris
646 2564 747 2618 aestas
769 2557 886 2616 hiberni
909 2557 986 2616 coeli
1007 2555 1058 2612 be·

84 2642 195 2700 nelicia
215 2644 387 2722 corrumpit.
412 2644 467 2702 erit
486 2644 654 2721 Dionysius
676 2640 736 2700 illic
753 2649 918 2718 tyrannus,
942 2640 1060 2699 liberta-

83 2726 131 2796 tis,
156 2724 297 2800 iustiliae,
319 2727 418 2800 legum
434 2727 572 2800 exitium,
591 2725 804 2786 dominationis
820 2725 951 2799 cupidus
972 2723 1062 2783 etium

83 2816 156 2881 post
183 2808 354 2883 Platonem,
384 2811 463 2871 vitae
491 2811 580 2871 etiam
610 2818 683 2886 post
707 2807 846 2869 exilium:
880 2809 956 2868 alios
985 2815 1061 2880 uret,

83 2892 162 2952 alios
176 2892 359 2966 verberabit,
381 2894 457 2954 alios
480 2895 519 2954 ob
534 2895 631 2954 levem
653 2893 801 2956 offensam
823 2892 996 2953 detruncari
1018 2891 1049 2950 iu

83 2975 181 3047 bebit,
204 2985 342 3036 accersat
363 2978 401 3036 ud
423 2977 575 3037 libidinem
603 2993 702 3037 mares
724 2977 914 3052 laminasque
936 2981 966 3034 et
986 2976 1063 3033 inter

85 3059 195 3120 loedos
223 3059 327 3134 regiae
348 3062 597 3137 intemperantiae
618 3077 728 3137 greges
757 3074 865 3136 parum
896 3059 953 3119 erit
974 3059 1061 3118 simul

84 3141 164 3202 binis
181 3143 272 3203 coire.
302 3144 424 3204 Audisti
445 3145 520 3220 quid
534 3153 564 3204 te
580 3145 706 3204 invitare
721 3145 828 3220 possit,
851 3141 923 3218 quid
945 3143 1062 3202 abster-

84 3241 168 3284 rere:
190 3225 320 3301 proinde
335 3235 387 3288 aut
400 3229 513 3302 naviga
527 3236 579 3288 aut
592 3227 733 3288 resiste.“
760 3227 833 3287 Post
845 3225 925 3286 hauc
947 3226 1061 3285 deuun·
1077 3233 1093 3286 ti

83 3307 240 3370 tiationem
255 3311 281 3370 si
297 3313 365 3386 quis
385 3311 514 3372 dixisset
526 3311 639 3371 intrare
663 3326 697 3370 se
713 3309 885 3387 Syracusas
904 3311 990 3396 velle,
1013 3323 1061 3366 sa·

84 3390 165 3452 iisne
179 3393 290 3454 iustam
306 3395 460 3470 querelam
482 3396 520 3454 de
541 3397 602 3455 ullo
625 3394 683 3454 nisi
704 3393 742 3453 de
763 3410 797 3453 se
817 3393 931 3452 habere
952 3389 1061 3464 possit,

85 3475 136 3549 qui
151 3494 211 3538 non
223 3477 384 3539 incidisset
393 3477 422 3538 in
435 3478 494 3552 illa,
505 3479 570 3540 ,sed
582 3478 717 3553 prudens
731 3478 894 3550 sciensque
908 3471 1061 3531 venisset?
