2522 3906
169 234 371 296 acclutltr-
388 235 469 296 CUM
492 235 755 298 PROVIDENTIA
777 237 845 298 SIT.
878 241 931 300 tv.
1002 239 1041 304 lt

59 401 114 447 sua
135 387 245 460 portio.
275 387 418 462 quisquis
433 387 555 448 videtur
576 387 722 448 dimissus
743 403 830 459 esse,
854 391 964 452 dilatus
985 399 1041 452 est.

62 469 159 542 Quare
178 470 256 530 deus
283 471 430 544 optimum
454 486 609 546 quemque
630 477 682 530 aut
702 473 783 531 mala
804 474 970 534 valitudine
991 483 1072 541 autc

61 554 140 612 luctu
155 559 208 612 aut
222 553 292 612 aliis
307 555 509 614 incommodis
522 550 647 614 autent
667 555 739 628 quia
753 557 782 614 in
796 558 904 616 castris
918 574 1043 634 quoque

61 637 234 710 periculosa
250 637 425 696 fortissimis
445 638 646 712 imperantur,
668 638 731 697 dux
752 639 935 700 lectissimos
955 641 1043 700 mittit

63 720 108 792 qui
129 719 288 779 nocturnis
310 720 416 781 hostes
437 721 655 794 adgrediuntur
675 721 794 781 insidiis
815 728 868 781 aut
882 725 1044 797 explorent

61 803 112 861 iter
125 810 179 862 aut
191 803 379 878 praesidium
393 804 462 864 loco
478 805 619 864 deiciant.
642 821 732 866 nemo
745 821 851 864 eorum
864 804 916 880 qui
931 814 1044 866 exeunt

61 885 144 944 dicit:
166 887 247 946 ntale
263 887 302 946 de
316 903 365 946 me
380 887 546 962 imperator
560 888 684 962 meruit,
700 889 770 947 sed:
792 890 871 948 bene
886 889 1042 950 iudicavit.

58 1052 185 1110 flebilia:
201 1053 285 1127 digni
299 1054 358 1114 visi
373 1069 480 1114 snmus
496 1054 555 1112 deo
567 1054 595 1111 in
610 1055 720 1128 quibus
733 1055 930 1130 experiretur,
946 1074 1041 1130 quan-

11 1187 13 1192 ,
58 1143 118 1194 tum
140 1135 276 1196 humana
297 1144 405 1198 natura
426 1143 536 1212 posset
556 1138 627 1211 pati.
659 1137 766 1212 Fugite
782 1137 925 1211 delicias,
948 1139 1070 1214 lugneo

57 1227 232 1278 enervatam
253 1219 442 1292 felicitatem,
464 1235 524 1294 qua
546 1221 636 1280 animi
659 1221 895 1295 permadescunt
915 1229 960 1295 et,
983 1223 1042 1282 nisi

58 1302 171 1376 aliquid
191 1303 355 1362 intervenit
375 1303 460 1379 quod
480 1303 630 1362 humanae
652 1305 743 1362 sortis
760 1305 938 1378 admoneat,
959 1307 1043 1366 velut

58 1392 204 1458 perpetua
222 1386 368 1446 ebrietate
383 1386 485 1461 sopiti.
509 1401 598 1460 quem
614 1387 787 1460 specularia
801 1402 924 1460 semper
938 1387 977 1445 ab
989 1389 1042 1446 ad-

59 1468 131 1528 flatu
154 1469 404 1543 vindicaverunt,
430 1471 517 1528 cuius
539 1470 636 1544 pedes
659 1469 736 1529 inter
755 1471 889 1528 fomenta
911 1469 1042 1528 subinde

58 1560 169 1612 mutata
189 1560 366 1628 tepuerunt,
389 1553 475 1618 cuius
497 1553 695 1612 coenationes
716 1551 858 1614 subditus
874 1561 905 1612 et
920 1551 1041 1626 parieti-

58 1635 114 1695 bus
137 1635 343 1696 circumfusus
367 1637 451 1696 calor
470 1637 662 1710 temperavit,
686 1636 766 1695 hunc
786 1638 863 1696 levis
885 1652 960 1696 aura
980 1652 1041 1696 non

59 1719 121 1778 sine
138 1721 276 1794 periculo
292 1720 428 1793 stringet.
458 1719 531 1778 Cum
552 1720 652 1778 omnia
668 1734 747 1793 quae
762 1725 964 1799 excesserunt
978 1737 1042 1778 mo·
1051 1725 1084 1776 10

59 1803 126 1862 dum
141 1811 283 1876 noceant,
299 1803 562 1878 periculosissima
574 1802 723 1863 felicitatis
736 1801 968 1878 intemperantia
980 1811 1042 1864 esta

60 1893 159 1946 mouet
174 1887 350 1960 cerebrum,
372 1885 403 1946 in
418 1901 515 1946 vanas
530 1892 647 1946 mentes
663 1886 810 1960 imagines
826 1893 950 1959 evocat,
966 1888 1042 1946 mul-

60 1978 117 2028 tum
131 1969 212 2028 inter
227 1969 338 2030 falsum
353 1986 390 2029 ac
403 1985 510 2030 verum
522 1969 642 2029 mediae
656 1968 794 2043 caliginis
806 1970 913 2028 fundit.
937 1969 1043 2044 quidni

58 2053 93 2111 ils
107 2053 205 2112 satius
221 2053 263 2113 sit
281 2060 460 2128 perpetuam
480 2053 684 2112 infelicitatem
699 2052 850 2112 advocata
864 2050 975 2112 virtute
990 2069 1042 2112 su-

57 2139 170 2198 stinere
191 2153 284 2212 quam
305 2135 430 2197 infinitis
451 2144 543 2210 atque
562 2135 723 2195 inmodicis
743 2134 834 2196 bonis
854 2134 976 2212 rumpit
1000 2137 1042 2195 le·

59 2223 122 2280 nior
142 2220 258 2282 ieiunio
281 2236 365 2280 mors
385 2228 447 2280 est:
467 2220 618 2279 cruditate
639 2219 800 2279 dissiliunt.
832 2219 918 2278 Hane
939 2220 1041 2292 itaque
1051 2227 1081 2280 11

60 2305 206 2366 rationem
222 2305 253 2364 di
274 2311 446 2379 sequuntur
460 2301 490 2362 in
505 2302 595 2362 bonis
611 2301 700 2374 viris,
718 2319 809 2377 quam
829 2301 860 2361 in
881 2301 1042 2376 discipulis

61 2393 121 2450 suis
138 2395 374 2466 praeceptores,
391 2386 443 2462 qui
458 2387 527 2461 plus
542 2385 657 2446 laboris
673 2385 761 2446 abiis
777 2385 917 2459 exigunt,
932 2384 961 2443 in
976 2387 1042 2459 qui-

59 2472 114 2534 bus
136 2473 250 2533 certior
270 2486 345 2546 spes
368 2478 424 2534 est.
455 2469 603 2545 numquid
620 2477 653 2530 tu
666 2469 785 2530 invisos
801 2485 873 2529 esse
887 2468 1041 2528 Lacedae—

60 2557 167 2618 moniis
188 2556 306 2616 liberos
321 2571 397 2616 suos
412 2555 528 2630 credis,
551 2570 681 2628 quorum
696 2554 895 2628 experiuntur
909 2551 1042 2610 indolem

60 2641 180 2713 publice
190 2639 374 2700 verberibus
390 2639 541 2698 admotis?
555 2636 615 2712 ipsi
629 2638 699 2698 illos
714 2645 818 2711 patres
833 2634 1042 2708 adhortantur,

60 2730 89 2784 ut
107 2726 189 2788 ictus
204 2721 397 2803 flagellorum
412 2722 528 2793 fortiter
542 2721 698 2804 perferant
716 2727 747 2786 et
765 2721 885 2789 laceros
900 2735 936 2790 ar
951 2719 1041 2789 seuti-

62 2813 175 2879 animes
190 2826 316 2895 rogant,
334 2820 533 2894 perseverent
547 2814 673 2879 volnera
688 2811 838 2894 praebere
852 2816 1040 2877 volneribus.

62 2902 135 2975 Quid
158 2904 282 2977 mirum,
311 2905 338 2962 si
364 2904 439 2964 dure
459 2919 629 2978 generosos
650 2903 776 2978 spiritus
797 2902 875 2962 deus
895 2897 1083 2975 temptattll

61 3003 226 3062 numquam
249 2985 367 3048 virtutis
388 2990 479 3050 molle
500 2989 714 3049 documentum
735 2994 791 3048 est.
824 2985 966 3046 verberat
982 3001 1040 3044 nos

60 3077 87 3130 et
104 3072 223 3132 lacerat
243 3071 373 3132 fortuna.
404 3071 570 3147 patiamur:
589 3087 651 3132 non
669 3078 718 3132 est
731 3068 872 3142 saevitia,
889 3075 1041 3144 certamen

16 3197 19 3210 .
60 3161 115 3226 est,
140 3154 276 3230 quodsi
298 3155 623 3230 saepiusadierimus,
645 3153 788 3215 fortiores
812 3155 934 3212 erimus.
969 3151 1042 3210 soli·

61 3237 184 3298 dissime
205 3239 347 3313 corporis
369 3255 442 3314 pars
463 3247 511 3299 est
532 3255 623 3314 quam
644 3240 790 3313 frequens
810 3253 887 3296 usus
903 3234 1041 3310 agitavit:

60 3321 226 3392 praebendi
245 3323 388 3384 fortunae
402 3339 525 3394 sumus,
545 3329 579 3382 ut
599 3330 705 3384 contra
719 3323 798 3380 illam
814 3320 852 3378 ab
867 3321 937 3394 ipsa
952 3319 1042 3377 dure-

59 3418 128 3463 mur.
154 3407 297 3480 paulatim
314 3423 375 3468 nos
391 3407 449 3467 sibi
464 3421 555 3482 pares
570 3405 671 3480 iaciat
700 3411 905 3478 contemptum
920 3399 1042 3476 pericu-

59 3487 151 3548 lorum
168 3489 340 3552 adsiduitas
356 3489 549 3566 periclitandi
564 3489 657 3550 dabit
680 3488 731 3550 Sic
746 3494 816 3548 sunt
828 3485 957 3544 nauticis
973 3495 1039 3540 cor-
1048 3481 1084 3534 1³
