2554 3888
335 257 387 317 DE
401 256 621 317 BREVITATE
636 259 764 318 VITAE.
787 269 812 322 6.
828 269 854 322 7.
993 297 997 302 ·
1020 262 1082 326 203

108 408 181 468 dum
203 408 244 468 ita
267 407 446 482 percepisse
466 408 525 467 visi
547 416 631 480 sunt,
655 416 689 469 ut
708 410 798 470 etiam
816 409 994 486 praecipere
1008 429 1082 487 pes·

107 499 191 551 sent=
215 492 317 550 vivere
331 499 395 551 tnta
410 490 472 550 vita
487 491 669 553 discendum
683 499 730 552 est
745 499 788 566 et,
813 495 897 568 quod
910 495 1008 569 magis
1021 497 1081 558 lor-

108 583 194 635 tasse
205 574 371 649 mirabere,
387 583 449 635 tota
459 576 521 635 vita
533 575 714 637 discendum
725 583 772 636 est
784 572 870 638 mori.
892 579 948 638 Tot
959 579 1111 642 maximit
1223 658 1226 664 .

106 658 162 718 viri
177 658 291 718 relictis
306 657 448 718 omnibus
464 658 694 733 inpedimentis,
724 674 791 720 cum
807 660 933 735 divitiis,
960 662 1080 735 ciliciis,

105 742 313 816 voluptatibus
325 743 568 815 renuntiassent,
582 742 644 802 hoc
654 759 748 802 unum
759 742 790 802 in
801 751 968 804 extremam
979 761 1080 820 usque

8 831 10 854 ³
106 832 236 885 aetutem
256 833 397 899 egerunt,
419 833 454 886 ut
467 825 571 884 vivere
585 825 713 886 scirent:
742 827 847 899 plures
861 834 962 886 tamen
978 841 1017 886 ex
1031 829 1079 888 his

105 908 243 968 nendum
268 923 304 967 se
325 909 562 968 scireconlessi
584 910 645 968 vita
666 908 818 982 abierunt,
844 911 956 969 nedum
977 917 1011 969 ut
1029 911 1079 971 isti

104 993 212 1051 sciant.
249 991 367 1066 Magni,
394 991 468 1050 mihi
489 992 596 1063 crede,
625 997 655 1050 et
675 1007 769 1064 supra
789 992 940 1052 humanos
957 1007 1106 1057 errores5

8 1101 9 1104 ¹
104 1074 265 1133 eminentis
282 1075 337 1132 viri
350 1082 399 1136 est
412 1075 486 1132 nihil
500 1090 539 1133 ex
554 1089 612 1135 suo
626 1072 765 1148 tempore
777 1073 905 1135 delibari
916 1076 1026 1136 sinere.
1049 1085 1079 1138 et

103 1158 174 1217 ideo
190 1158 257 1230 eius
271 1158 333 1216 vita
347 1158 527 1232 longissima
538 1165 599 1232 est,
623 1157 709 1231 quia,
732 1165 1011 1234 quantumcumque
1021 1175 1077 1235 pa·
1097 1171 1099 1174 ·

102 1241 173 1312 tuit,
194 1248 290 1300 totum
309 1241 370 1314 ipsi
386 1241 514 1301 vacavit.
550 1241 624 1300 nihil
638 1241 710 1301 inde
723 1241 868 1302 incultum
884 1243 1079 1318 otiosumque

103 1324 266 1398 [vacavitl,
288 1323 363 1384 nihil
383 1325 441 1384 sub
463 1325 521 1385 alio
543 1326 605 1386 luit.
636 1339 738 1398 neque
756 1325 836 1384 enim
852 1327 1016 1401 quicquam
1029 1343 1077 1386 re·

102 1409 183 1482 perit
197 1407 337 1482 dignum,
363 1409 532 1483 quodcum
546 1417 684 1484 ternpore
699 1424 757 1470 suc
774 1417 957 1483 permutaret
971 1417 1076 1470 custos
1150 1416 1156 1422 “

103 1491 171 1551 eius
193 1491 403 1565 parcissimus.
430 1493 534 1568 itaque
554 1493 629 1552 satis
650 1493 692 1550 illi
705 1491 776 1551 luit:
803 1493 841 1551 iis
856 1507 930 1552 vero
946 1509 1077 1554 necesse

102 1582 152 1635 cst
166 1575 318 1648 defuisse,
341 1591 380 1634 ex
395 1591 525 1651 quorum
540 1575 603 1636 vita
616 1575 742 1636 multum
757 1577 891 1650 populus
907 1577 981 1638 tulit.
1014 1577 1104 1638 Nece

101 1666 151 1718 est
171 1659 254 1733 quod
276 1665 366 1733 putes
387 1659 457 1718 hinc
477 1660 546 1719 illes
562 1659 728 1735 aliquande
743 1659 917 1734 intellegere
931 1661 1075 1721 damnum

102 1757 209 1802 suum=
231 1744 399 1817 plerosque
421 1751 503 1804 certe
522 1743 630 1804 audies
653 1742 770 1817 exuis,
792 1760 872 1818 quos
887 1759 997 1819 magna
1011 1745 1076 1804 leli-

101 1825 178 1886 citas
190 1833 311 1900 gravat,
327 1828 403 1886 inter
415 1827 567 1887 clientium
578 1841 689 1902 greges
701 1834 753 1887 aut
764 1841 926 1887 causarum
938 1829 1075 1888 actiones

101 1917 155 1970 aut
175 1917 292 1970 ceteras
314 1910 460 1970 honestas
480 1910 620 1970 miserias
634 1912 808 1970 exclamare
824 1911 988 1972 interdum=
1011 1911 1075 1983 „vi-

102 2009 175 2052 vere
190 1993 263 2053 milri
277 1995 454 2054 nonlicetf‘
482 1993 591 2067 Quidni
607 2011 669 2055 non
683 1995 793 2054 liceatl
820 2009 927 2054 omnes
943 1994 1001 2067 illi,
1012 1991 1102 2067 'quit

99 2084 130 2136 te
148 2077 208 2136 sibi
223 2077 389 2150 advocant,
411 2077 464 2137 tibi
478 2077 643 2138 abducunt.
675 2079 730 2138 llle
743 2093 817 2138 reus
833 2085 907 2153 quot
922 2078 990 2138 dies
1005 2077 1074 2137 abs·

100 2162 189 2220 tulit?
217 2168 290 2235 quot
309 2161 359 2220 ille
379 2161 583 2222 candidatusr
604 2169 680 2237 quot
692 2163 743 2222 ille
757 2179 834 2223 anus
846 2161 1010 2224 efferendis
1022 2160 1074 2221 he·

99 2243 227 2304 redibus
243 2246 348 2304 lassat
374 2251 448 2320 quot
462 2245 512 2306 ille
526 2247 567 2306 ad
581 2246 762 2312 inritandam
776 2247 932 2306 avaritiam
950 2253 1074 2320 captan-

100 2327 176 2388 tium
186 2327 345 2388 simulatus
358 2335 473 2402 aeger?
494 2337 569 2405 quot
579 2329 630 2389 ille
640 2328 793 2404 potentior
804 2330 935 2400 amicus,
953 2331 1004 2404 qui
1017 2345 1074 2389 vos

100 2427 164 2470 non
185 2411 216 2469 in
235 2411 413 2484 amicitiam,
442 2412 548 2472 sedin
569 2413 749 2488 adparatum
767 2412 880 2472 habeti
905 2413 1072 2488 Dispunge

99 2493 241 2568 inquam,
268 2503 298 2555 et
315 2511 445 2555 recense
463 2497 542 2556 vitae
557 2504 628 2556 tuae
642 2497 725 2555 dies=
753 2493 872 2555 videbis
888 2511 1004 2569 paucos
1021 2496 1073 2553 ad·
1122 2549 1125 2552 .

100 2577 228 2637 modum
238 2585 270 2638 et
281 2580 411 2639 reiculos
423 2579 508 2653 apud
518 2587 548 2640 te
559 2579 724 2639 resedisse.
745 2577 922 2636 Adsecutus
934 2578 984 2635 ille
997 2586 1102 2653 quos&

100 2668 262 2734 optaverat
283 2663 386 2720 lasces
402 2663 485 2735 cupit
500 2677 615 2736 ponere
630 2668 661 2720 et
673 2659 806 2721 subinde
821 2660 906 2719 dicit:
928 2660 1073 2733 „quando

100 2743 152 2803 hic
166 2759 267 2804 annus
281 2743 501 2819 praeteribiti“
522 2744 608 2805 Facit
620 2745 672 2804 ille
684 2744 791 2815 ludos,
814 2759 944 2817 quorum
960 2749 1074 2802 sortem

99 2828 160 2886 sibi
175 2828 459 2902 obtingeremagne
474 2828 659 2888 aestimavim
680 2827 842 2902 „quandc,
861 2826 974 2900 inquit,
996 2826 1073 2886 istos

98 2907 284 2984 effugiamt“
306 2909 452 2986 Diripitur
463 2911 513 2971 ille
523 2918 588 2972 toto
600 2913 667 2972 loro
681 2918 828 2985 patronus
841 2917 871 2970 et
882 2924 1073 2984 magnaean-

99 3010 195 3054 cursu
210 2993 311 3054 omnia
324 2996 415 3069 ultra,
438 3011 531 3070 quam
545 2994 643 3054 audiri
658 3000 774 3070 potest,
796 2995 935 3068 conplete
956 3008 1075 3067 „quan-

97 3078 157 3150 do,
176 3079 288 3154 inquit,
309 3094 360 3138 res
378 3081 617 3153 proferentum
637 3077 820 3152 Praecipitat
836 3076 969 3151 quisque
984 3076 1074 3136 vitam

98 3177 189 3221 suam
203 3171 233 3222 ct
245 3162 337 3222 laturi
352 3163 506 3222 desiderio
522 3163 654 3236 laborat,
676 3161 884 3236 praesentium
899 3159 1012 3221 taedio.
1033 3161 1103 3221 At9

96 3243 150 3304 ille
172 3245 224 3320 qui
247 3246 363 3306 nullum
388 3262 449 3306 non
471 3254 592 3320 tempus
612 3245 643 3304 in
664 3260 741 3304 usus
763 3259 839 3304 sues
860 3244 998 3316 conieci,
1022 3244 1074 3318 qui

96 3343 208 3388 omncs
222 3329 290 3388 dies
304 3337 459 3404 tamquam
473 3330 566 3389 vitam
581 3329 714 3400 ordinat,
737 3341 795 3388 nec
809 3335 895 3402 optat
909 3327 1074 3388 crastinum

95 3427 155 3471 nec
169 3413 261 3474 timet.
299 3411 377 3486 Quid
392 3415 471 3472 enim
486 3421 549 3485 est,
566 3411 725 3487 quodiam
739 3412 802 3471 ulla
815 3411 892 3472 hera
906 3425 1006 3471 novae
1021 3425 1074 3468 ve-

95 3495 222 3570 luptatis
238 3498 339 3570 possit
354 3498 493 3556 adferret
516 3496 617 3556 omnia
631 3501 718 3570 nota,
734 3495 836 3556 omnia
848 3495 891 3555 ad
905 3493 1074 3572 satietatem
