2554 3888
239 226 306 292 240
422 227 455 288 L.
477 225 625 288 ANNAEI
647 225 821 288 SENECAE
846 226 949 286 DIAL.
970 225 1034 286 xit.

205 379 345 445 ³solent
365 383 476 441 iacere.
508 379 575 440 Non
595 385 657 452 est,
683 378 768 453 quod
788 378 828 437 de
848 393 898 437 me
912 375 980 438 aliis
996 376 1122 436 credas:
1150 375 1219 452 ipsc
1255 447 1256 452 ἵ

243 467 312 539 tibi,
338 461 474 539 ne‘quid
497 463 621 522 incertis
643 461 840 536 opinionibus
855 459 1059 536 perturberis,
1085 460 1217 521 indico

243 547 699 610 menonessemiserum.
725 544 907 618 adiciam,
929 544 1217 619 quosecunorsts,
1255 539 1256 576 ³

243 627 980 724 n'eiieriquidemmeposusemiserum
1255 645 1256 660 ι

214 715 231 765 1
305 718 344 774 V
366 717 453 774 Bona
468 714 648 772 condicione
662 709 755 786 genitr
768 727 886 782 sumus
902 728 927 770 st
940 727 1007 770 cam
1018 727 1080 771 non
1091 711 1217 770 desem
1255 709 1256 764 t

244 801 367 860 erimus.
401 799 434 856 ld
457 797 518 871 egit
531 811 632 855 rerum
647 802 768 865 natura,
784 801 818 853 ut
832 795 871 854 ad
887 795 965 854 bene
977 794 1143 854 vivendum
1157 811 1217 854 non
1255 785 1256 872 i

244 899 354 957 magno
373 882 520 956 adparatu
535 895 615 953 opus
629 885 728 939 essct·
742 878 1015 952 unusquisque
1029 879 1164 938 iacere
1179 893 1218 936 se
1255 875 1256 930 i

243 967 554 1038 beatumpotest.
582 955 1256 1022 levemomentuminadventiciis
1255 991 1256 1044 q

243 1048 362 1108 rebus
378 1054 440 1106 est
454 1055 484 1106 et
498 1045 603 1120 quod
594 1063 625 1104 m
640 1053 778 1108 neutram
794 1052 911 1118 partem
926 1059 1054 1119 magnas
1068 1044 1151 1103 vires
1167 1044 1256 1102 ha-

244 1133 329 1192 beat:
344 1145 401 1189 neo
417 1130 553 1191 secunda
568 1131 737 1202 sapientem
752 1128 885 1188 evehunt
896 1127 1099 1187 necadversa
1112 1127 1218 1186 demit·
1255 1205 1256 1210 ἵ

243 1223 318 1275 ιιιιιι.
350 1213 500 1274 laboravit
514 1212 594 1272 enim
609 1227 744 1286 semper,
759 1211 836 1271 utin
852 1227 887 1273 se
901 1211 1063 1286 plurimum
1077 1217 1217 1285 poneret,

210 1299 322 1358 aintra
344 1311 379 1357 se
400 1313 490 1358 omna
510 1296 653 1392 gaudium
676 1303 801 1370 peteret.
833 1295 911 1369 Quid
925 1301 1022 1369 ergo?
1045 1295 1218 1369 sapientem

244 1397 316 1442 esse
337 1397 386 1441 me
405 1381 497 1441 dicct
520 1379 652 1439 minime.
686 1393 755 1438 nam
769 1379 799 1438 id
815 1379 937 1454 quidem
952 1379 979 1438 si
993 1375 1130 1454 profiteri
1145 1395 1219 1474 pos-

245 1481 320 1538 sem,
335 1475 396 1526 non
410 1469 526 1524 tantum
540 1476 695 1558 negarem
700 1463 843 1522 miserum
858 1476 930 1523 esse
941 1477 999 1536 me,
1012 1463 1070 1522 sed
1081 1462 1218 1522 omnium
1255 1471 1256 1476 ’

244 1548 514 1610 fortunatissimum
536 1553 566 1605 et
585 1548 615 1604 tn
638 1545 769 1606 vicinum
788 1546 847 1606 deo
863 1547 1042 1644 perductum
1058 1546 1217 1620 praedica·

243 1647 323 1690 rcm=
348 1639 444 1704 nunc,
467 1629 550 1723 quod
571 1635 619 1688 sat
620 1630 646 1688 is
662 1637 709 1690 est
725 1629 765 1690 ad
779 1631 877 1690 omnis
893 1629 1032 1690 miserias
1047 1629 1256 1702 leniendas

244 1711 435 1788 sapientibus
456 1729 505 1772 me
520 1712 593 1773 viris
608 1713 679 1772 dedi
694 1721 724 1772 et
737 1713 895 1784 nondum
886 1731 916 1772 ιιι
932 1713 1077 1773 auxilium
1090 1713 1151 1773 mei
1165 1729 1216 1772 va·
1255 1779 1256 1782 Ἴ

244 1797 325 1857 lidus
347 1798 377 1856 in
398 1795 497 1856 aliena
512 1803 612 1856 castra
628 1797 764 1870 coniugi,
786 1813 891 1857 eorum
907 1794 1036 1870 scilicet,
1059 1797 1113 1871 qui
1128 1797 1216 1856 facile
1255 1819 1256 1872 j

208 1879 280 1942 διε
301 1895 337 1940 ac
359 1895 434 1941 suos
455 1887 585 1940 tuentur.
618 1881 662 1940 Ilii
682 1895 731 1939 me
752 1879 908 1940 iusserunt
922 1888 1004 1940 stare
1018 1881 1150 1940 adsidue
1166 1895 1216 1938 ve·
1255 1893 1256 1930 t

244 1967 288 2025 lut
321 1965 351 2024 in
386 1963 541 2038 praesidio
572 1964 703 2038 positum
733 1971 763 2023 et
791 1965 889 2024 omnis
918 1971 1046 2024 conatus
1077 1967 1216 2024 fortunae
1255 1971 1256 1976 ’

244 2056 275 2107 et
305 2049 403 2107 omnis
432 2047 553 2121 inpetus
580 2047 761 2122 prospicere
783 2049 876 2108 multo
901 2055 970 2108 ante
997 2064 1088 2124 quam
1115 2049 1215 2108 incur-

243 2137 321 2189 rant.
353 2130 412 2189 iliis
436 2130 539 2203 gravis
560 2136 622 2202 est,
650 2129 760 2206 quibus
781 2131 940 2206 repentina
959 2138 1020 2191 est·
1035 2130 1125 2192 facile
1150 2147 1215 2191 cam

245 2215 388 2284 sustinet,
424 2213 477 2288 qui
509 2226 632 2288 semper
657 2221 826 2288 exspectat.
858 2212 925 2298 n'am
950 2222 980 2274 et
1003 2211 1136 2275 hostium
1164 2216 1215 2274 ad-

243 2302 354 2355 ventus
385 2311 440 2356 eos
465 2297 643 2371 prosternit,
670 2313 748 2372 quos
771 2288 956 2374 inopinantis
982 2301 1159 2374 occupavit.
1188 2304 1217 2358 at

245 2376 298 2454 qui
325 2380 426 2439 tuturo
458 2395 493 2438 se
519 2379 599 2440 bello
625 2387 694 2440 ante
718 2381 829 2442 bellum
865 2391 1065 2456 paraverunt,
1100 2399 1215 2458 conpo-

244 2462 293 2522 siti
319 2469 348 2522 et
374 2463 468 2538 aptati
481 2463 626 2538 primum,
652 2465 704 2540 qui
728 2466 1020 2526 tumultuosissimus
1035 2473 1098 2540 ast,
1126 2468 1216 2526 ictum

208 2547 331 2606 dfacite
352 2547 514 2623 excipiunt.
546 2547 717 2623 Numquam
738 2564 795 2624 ego
811 2551 950 2611 fortunae
970 2551 1101 2624 credidi,
1128 2551 1216 2610 etiam

244 2647 313 2690 cum
333 2629 486 2691 videretur
500 2645 608 2706 pacem
624 2647 723 2706 agere.
756 2634 857 2692 omnia
877 2633 942 2707 illa,
969 2651 1048 2708 quae
1062 2634 1094 2692 in
1108 2649 1158 2693 me
1173 2635 1216 2692 in-

244 2713 475 2788 dulgentissime
491 2714 681 2790 conserebat,
704 2717 880 2791 pecuniam,
903 2717 1052 2792 honores,
1079 2717 1216 2792 gratiam,

243 2812 281 2858 eo
295 2799 365 2857 loco
380 2797 488 2873 posui,
510 2799 592 2858 unde
606 2806 714 2874 posset
728 2801 795 2860 sine
808 2809 891 2862 motu
906 2817 975 2861 mco
990 2807 1142 2876 repetere.
1172 2803 1216 2860 iu-

241 2881 401 2941 tervailum
422 2880 501 2941 inter
514 2881 565 2941 illa
579 2890 609 2943 et
622 2899 671 2942 me
685 2899 825 2958 magnum
840 2885 943 2946 habui,
974 2883 1078 2960 itaque
1093 2885 1217 2945 abstulit

242 2965 309 3038 iiia,
336 2982 396 3026 non
418 2965 538 3026 avulsit.
570 2965 724 3027 Neminem
746 2969 877 3029 adversa
901 2969 1021 3029 fortuna
1041 2969 1217 3041 conminuit,

208 3056 229 3107 v5
241 3048 299 3108 nisi
316 3064 407 3124 quem
422 3049 559 3109 secunda
572 3049 703 3125 decepit.
722 3050 767 3110 Ilii
783 3053 835 3126 qui
845 3066 973 3114 munera
984 3053 1050 3112 eius
1062 3053 1147 3112 velut
1160 3069 1217 3112 sua
1255 3061 1256 3068 ’

140 3185 141 3188 ,
243 3135 273 3191 et
287 3137 437 3206 perpetua
451 3139 636 3204 amaverunt,
652 3135 704 3208 qui
721 3150 756 3194 se
771 3136 888 3210 suspici
904 3143 1030 3212 propter
1043 3135 1096 3196 iila
1111 3137 1217 3196 volue·
1255 3151 1256 3160 ¹

241 3219 332 3286 runt,
351 3215 451 3274 iacent
470 3222 501 3276 et
520 3223 670 3292 moerent,
697 3233 765 3278 cum
780 3234 877 3279 vanos
892 3227 922 3280 ct
936 3220 1071 3294 pueriles
1087 3220 1217 3290 animos,

243 3296 342 3356 omnis
364 3299 482 3359 solidae
502 3301 668 3374 voluptatis
690 3301 829 3376 ignaros,
856 3303 935 3364 falsa
949 3309 979 3362 et
992 3303 1117 3363 mobilia
1132 3303 1217 3364 obte-

241 3385 393 3438 ctamenta
407 3381 588 3443 destituunt=
605 3384 706 3459 atille,
723 3386 775 3460 qui
790 3401 825 3446 se
839 3387 925 3446 lactis
940 3387 1034 3447 rebus
1049 3403 1111 3448 non
1128 3385 1210 3446 inda-

238 3461 299 3536 ιιι,
316 3477 373 3522 nec
386 3464 508 3524 mutatis
522 3465 681 3526 contrahit.
704 3469 854 3530 adversus
871 3475 1031 3546 utrumque
1047 3477 1159 3531 statum
1173 3469 1202 3530 iu
