2522 3906
233 303 238 312 ·
285 275 389 336 DlAL.
412 273 464 336 lv.
493 273 545 338 lllt
567 275 637 336 lan
657 275 730 336 LlB.
751 277 788 336 ll.
810 285 922 340 i-io.
1054 279 1096 342 59

115 425 153 487 Et
167 432 261 503 quota
274 425 333 486 ista
348 441 420 502 pars
435 428 583 487 scelerum
599 433 668 488 esti
687 443 749 488 non
760 427 925 504 descripsit
940 435 1040 492 castra
1056 442 1124 496 exa

24 545 26 548 -
116 523 175 571 una
191 515 280 586 parte
293 510 444 570 contraria
458 518 488 572 et
505 518 663 586 parentum
678 511 905 588 liberorumque
920 528 1094 576 sacramen·

115 602 144 654 ta
166 593 304 669 diverse,
336 593 504 654 subiectam
525 595 640 670 patriae
662 593 739 655 civis
766 611 859 656 manu
885 595 1037 658 iiammam
1063 607 1094 662 et

22 737 23 744 ,
116 679 236 753 agmina
252 677 430 738 infestorum
447 679 583 754 equitum
599 679 639 738 ad
659 679 886 754 conquirendas
904 680 1093 758 proscripto-

114 775 179 820 rum
194 761 327 822 latebras
349 761 618 824 circumvolitantia
639 769 670 822 et
690 763 820 836 violatos¹
843 765 944 825 tontes
964 768 1092 828 venenis

19 877 21 886 ‚
115 851 143 906 et
162 845 366 920 pestilentiam
382 860 475 906 manu
492 846 601 906 iactam
619 853 649 906 et
665 847 862 922 praeductam
881 848 1020 909 obsessis
1039 866 1092 926 pa·

111 929 249 990 rentibus
264 929 390 1004 lassam,
412 932 520 1012 plenos
535 945 677 992 carceres
691 937 721 990 et
740 929 882 991 incendia
903 940 981 994 totas
998 934 1090 995 urbes

112 1014 339 1074 concremantia
353 1014 640 1090 dominationesque
654 1015 791 1076 lunestas
813 1023 843 1075 et
856 1031 1019 1090 regnorum
1035 1034 1091 1092 pu-

110 1097 323 1174 blicorumque
338 1095 499 1158 exitiorum
515 1099 705 1161 clandestina
719 1099 863 1173 consilia,
878 1107 908 1159 et
922 1116 979 1176 pro
994 1101 1091 1174 gloria

109 1179 223 1256 habita,
238 1195 319 1258 quae
334 1181 479 1257 quamdiu
493 1181 624 1258 opprimi
638 1189 787 1257 possunt,
804 1183 922 1243 sceiere
937 1191 1019 1244 sunta
1041 1202 1090 1245 ra·

107 1363 190 1408 nunc
214 1348 338 1424 publica
362 1350 495 1423 periuria
518 1349 653 1424 gentium
677 1355 708 1410 ct
731 1357 821 1424 rupta
847 1351 972 1410 foedera
988 1359 1019 1412 et
1035 1351 1089 1431 [in]

110 1431 258 1507 praedam
283 1431 439 1493 validioris
464 1432 611 1508 quicquid
636 1448 698 1492 non
728 1432 892 1493 resistebat
915 1434 1089 1508 abductum,

107 1514 415 1592 circumscriptiones,
431 1518 518 1590 turta,
527 1517 660 1590 fraudes,
672 1514 877 1591 initiationes,
890 1516 1002 1590 quibas
1012 1518 1090 1578 uina

105 1615 166 1660 non
184 1597 339 1660 suiiiciunt
353 1601 429 1660 lora.
452 1599 485 1661 Si
500 1607 614 1662 tantum
629 1599 720 1660 irasci
735 1600 782 1660 vis
797 1599 976 1676 sapientem,
992 1617 1088 1676 quan·

104 1689 168 1742 tum
186 1685 336 1744 scelerum
351 1683 514 1760 indignitas
529 1681 637 1760 exigit,
664 1699 725 1744 non
740 1683 934 1744 irascendum
949 1685 1005 1760 illi,
1031 1686 1088 1746 sed

104 1767 319 1828 insaniendum
337 1775 393 1828 est.

166 1849 204 1910 X.
237 1850 313 1912 iilud
329 1852 432 1928 potius
446 1851 605 1928 cogitabis,
627 1867 688 1912 non
704 1867 777 1912 esse
790 1851 984 1911 irascendum
999 1865 1110 1918 erro-1

102 1935 201 1995 ribus.
231 1935 304 2010 quid
320 1937 414 2010 enirn,
429 1934 456 1996 si
471 1937 541 2012 quis
555 1936 706 1996 irascatur
720 1936 749 1994 in
766 1934 899 1996 tenebris
915 1951 1021 2009 pamm
1034 1953 1087 1997 ve-

102 2018 195 2094 stigia
210 2025 294 2079 certa
308 2019 512 2095 ponentibusa
543 2017 624 2094 quid,
639 2020 666 2080 si
682 2021 751 2095 quis
766 2018 869 2080 surdis
883 2018 1011 2094 imperia
1024 2036 1086 2081 non

102 2102 361 2164 exaudientibust
393 2103 481 2180 quid,
502 2104 529 2164 si
550 2101 668 2178 pueris,
691 2103 774 2178 quod
789 2103 929 2178 neglecto
945 2101 1088 2179 dispectu

101 2187 277 2248 officiorum
294 2188 331 2248 ad
346 2189 434 2249 lusus
448 2194 480 2247 et
498 2189 620 2262 ineptos
635 2187 810 2263 aequalium
824 2187 911 2248 iocos
927 2194 1088 2262 spectanti
1138 2211 1143 2216 ·

100 2270 196 2347 quid,
220 2271 246 2332 si
260 2270 320 2332 iilis
334 2272 425 2333 irasci
441 2272 534 2345 veiis,
558 2270 644 2346 quod
659 2276 831 2346 aegrotam,
847 2277 1028 2345 senescunt,
1045 2272 1059 2330 l
1076 2305 1086 2317 -

99 2354 258 2430 tiganturt
289 2355 370 2416 inter
382 2361 484 2417 cetera
497 2355 686 2415 mortalitatis
703 2355 898 2416 incommoda
912 2362 942 2414 et
954 2354 1014 2415 hoc
1029 2361 1086 2428 est,

99 2440 201 2515 caligo
216 2439 360 2500 mentium
374 2449 431 2499 nec
444 2445 560 2500 tantum
574 2439 745 2500 necessitas
766 2439 903 2509 errandi,
924 2438 981 2497 sed
1002 2454 1085 2499 erro·

97 2539 167 2583 rum
186 2534 281 2585 amon.
298 2521 358 2583 ‘ile
371 2523 501 2598 singuiis
516 2521 674 2595 irascaris,
695 2515 849 2583 universis
864 2521 1114 2595 ignoscendumu

98 2615 162 2680 est,
185 2604 291 2682 generi
305 2607 439 2668 humano
460 2607 550 2667 venia
563 2606 723 2668 tribuenda
738 2611 795 2664 est
830 2604 857 2664 si
877 2603 1019 2664 irasceris
1040 2602 1085 2664 iu·

96 2691 231 2752 venibus
245 2692 449 2765 senibusque,
476 2691 561 2766 quod
582 2695 726 2764 peccant,
747 2688 882 2748 irascere
902 2687 1083 2748 iniantibum

95 2776 257 2851 peccaturi
272 2782 352 2836 sunt.
383 2773 461 2835 Num
476 2774 547 2850 quis
561 2773 703 2833 irascitur
716 2771 837 2846 pueris,
854 2786 986 2846 quorum
999 2777 1084 2833 aetas

95 2859 236 2918 nondum
251 2859 336 2918 novit
349 2871 451 2919 rerum
467 2855 665 2920 discriminat
694 2856 792 2916 maior
811 2861 860 2921 eat
879 2853 1039 2917 excusatio
1055 2863 1085 2916 et

95 2941 210 3006 iustior
222 2940 376 3003 bominem
390 2956 462 3002 esse
478 2956 569 3015 quarn
581 2955 719 3015 puerum.
752 2939 818 2999 llac
829 2937 1012 3000 condicione
1021 2939 1112 2999 natis

96 3041 223 3100 sumus,
250 3025 391 3085 animalia
412 3023 547 3086 obnoxia
571 3039 633 3084 non
658 3022 856 3100 paucioribus
877 3021 970 3083 enimi
991 3039 1084 3100 quam

95 3109 239 3184 corporis
254 3109 379 3185 morbis,
395 3125 457 3170 non
473 3107 597 3184 quidem
612 3109 723 3170 obtusa
738 3123 795 3168 nec
809 3107 910 3178 tarda,
933 3107 987 3166 sed
1012 3123 1083 3168 acu-

94 3193 179 3253 mine
193 3199 301 3254 nostro
316 3193 396 3254 male
410 3193 533 3268 utentia,
549 3194 643 3252 altera
658 3189 763 3252 alteris
774 3189 918 3254 vie'crum
933 3192 1082 3266 exempla.

95 3275 241 3352 quisquis
256 3275 395 3352 sequitur
409 3277 528 3354 priores
542 3277 622 3336 maie
635 3277 693 3338 iter
712 3275 887 3350 ingressos,
909 3272 1017 3348 quidni
1029 3273 1085 3332 ha·
1226 3338 1231 3357 Ι

92 3357 428 3434 beat-excusationem,
445 3375 512 3424 eum
528 3360 651 3436 publiea
665 3360 714 3419 via
728 3359 895 3418 erraveritt
926 3357 960 3416 ln
981 3357 1114 3428 singu-4
1219 3437 1223 3444 Ι

93 3442 145 3504 ios
161 3443 311 3504 severitas
326 3445 519 3521 imperatoris
534 3443 736 3518 distringiturz
758 3449 788 3502 at
802 3440 978 3502 necessaria
993 3435 1084 3530 venia

94 3533 155 3604 est,
169 3526 224 3589 ubi
238 3533 321 3590 totus
335 3529 472 3590 deseruit
485 3526 648 3589 exercitus.
680 3525 759 3600 Quid
779 3525 856 3584 tollit
869 3522 944 3582 iram
959 3532 1082 3593 saplen-

1237 3003 1240 3054 i
