2546 3890
107 218 162 280 AD
174 217 527 282 HELVIAMMATREM
533 221 583 282 DE
591 221 892 286 CONSOLATIONE.
904 231 930 288 9.
942 233 985 287 1⁰.
1000 221 1065 286 247

86 374 149 435 siti
182 372 291 449 „quod
311 373 410 448 patria
429 389 532 448 cares,
550 391 610 436 non
626 384 673 436 est
686 376 839 437 miserum.
869 377 910 437 ita
924 382 953 436 te
970 375 1063 437 disci·

87 457 181 533 plinis
202 447 340 530 imbuisti,
364 463 396 517 ut
416 457 513 518 scires
529 473 649 519 ornnem
663 461 765 520 locum
780 460 910 536 sapienti
925 460 990 521 viro
1008 477 1062 536 pa·

88 541 177 602 triam
200 556 280 602 esse.
315 539 394 616 Quid
414 549 529 618 porros
550 539 615 616 hie,
641 544 693 618 qui
717 551 746 604 te
764 545 893 618 expulit,
916 561 976 605 non
993 545 1062 620 ipse

9 645 10 708 }
89 641 145 700 per
170 641 269 685 annos
296 625 404 684 decem
424 625 586 686 continuos
608 628 704 700 paulu
729 627 846 688 caruit?
868 627 1060 703 propagandi

9 711 10 746 ³
90 710 157 769 sine
177 707 271 769 dubio
291 707 412 783 imperii
434 725 544 770 eausa=
564 710 621 772 sed
636 727 746 786 nempe
761 712 866 772 caruit.
890 728 971 772 nunc
986 715 1091 772 ecce8

8 821 9 830 .
89 791 180 852 trahit
204 793 286 853 illum
313 793 353 851 ad
378 809 413 852 se
433 793 539 854 Africa
560 795 748 870 resurgentis
770 795 840 856 belli
855 795 943 855 minis
959 796 1060 870 plena,

89 875 179 937 trahit
192 875 353 952 Hispania,
376 892 456 952 quae
477 879 588 939 fractas
611 887 642 939 et
661 878 801 940 adflictus
815 886 919 955 partes
933 881 1060 950 refovet,

90 959 179 1020 trahit
191 962 354 1038 Aegyptus
369 960 471 1035 inlida,
488 968 570 1022 totus
585 963 719 1038 denique
735 962 831 1040 orbis,
847 962 900 1037 qui
913 963 954 1022 ad
969 977 1060 1024 occa·

89 1043 207 1104 sionem
223 1044 367 1105 concussi
383 1045 499 1120 imperii
511 1045 646 1106 intentus
661 1059 717 1106 est.
742 1045 790 1105 cui
807 1047 935 1120 primum
949 1046 993 1106 rei
1009 1060 1059 1106 oc·

88 1134 210 1189 curret?
235 1128 283 1188 cui
303 1128 382 1204 parti
396 1144 431 1189 se
446 1137 602 1204 opponet?
628 1138 699 1205 aget
711 1130 794 1190 illum
808 1146 864 1205 per
879 1145 984 1191 omncs
1000 1137 1059 1188 ter-

38 1231 41 1236 *
86 1228 139 1272 res
155 1204 282 1272 victoria
296 1227 361 1273 sua.
382 1213 468 1274 lllum
479 1213 649 1289 suspiciant
660 1221 690 1274 et
700 1213 801 1274 colunt
811 1221 934 1288 gentes:
949 1221 980 1274 tu
991 1213 1060 1272 vive

87 1295 181 1356 Bruto
197 1295 340 1356 miratore
354 1303 525 1358 contentus.
535 1304 552 1332 ‘⁶

130 1379 184 1438 -Χ,
215 1379 300 1440 Beue
315 1394 393 1456 ¹ergo
415 1380 537 1442 exilium
559 1381 624 1441 tulit
638 1379 800 1441 Marcellus
823 1395 879 1440 nec
894 1379 1086 1454 quiequaml

85 1463 115 1521 in
138 1461 239 1524 animo
262 1463 329 1524 eius
350 1463 476 1524 mutavit
489 1465 549 1526 loci
564 1463 703 1538 mutatio,
725 1463 866 1540 quamvis
881 1479 947 1524 eam
964 1479 1057 1537 pau·

86 1555 220 1620 pertas
236 1555 426 1622 sequeretur.
448 1548 484 1607 in
502 1565 576 1624 qua
590 1548 686 1609 nilril
700 1549 788 1608 mall
803 1563 890 1621 esse,
916 1546 1058 1622 quisquis

86 1631 178 1693 modo
200 1631 335 1692 noudum
356 1632 496 1707 pervenit
514 1632 544 1692 iu
566 1633 715 1694 insaniam
736 1634 838 1692 omniu
852 1629 1057 1692 subvertentis

82 1715 231 1776 avaritiae
246 1711 337 1791 atque
353 1716 509 1790 luxuriae,
522 1715 677 1792 intellegit.
711 1715 892 1790 Quantulum
904 1715 985 1773 enlm
1000 1722 1056 1787 est,

84 1800 170 1874 quod
190 1799 220 1858 in
235 1801 361 1863 tutelam
376 1799 509 1860 hominis
524 1798 734 1861 necessarium
748 1799 808 1859 siit
838 1805 867 1864 el
882 1799 931 1858 cui
945 1799 1058 1857 deesse

83 1883 143 1944 lroc
163 1889 267 1968 potest
286 1884 378 1944 ullam
398 1885 490 1945 modo
511 1883 650 1945 virtutem
672 1883 816 1944 habenti?
847 1881 935 1956 Quod
955 1881 994 1940 ad
1009 1890 1087 1943 meu

4 1981 5 1984 ’
83 1967 208 2040 quidem
220 1968 373 2042 pertinet,
394 1968 536 2042 intellego
551 1984 601 2028 me
616 1985 677 2028 non
693 1983 786 2043 opes,-
808 1966 864 2026 sed
881 1965 1055 2040 occupatio·

83 2067 140 2110 nes
157 2051 340 2126 perdidisse.
371 2050 551 2126 corporis
573 2053 715 2128 exigua
735 2049 936 2111 desideria
951 2055 1056 2109 sunt:

85 2135 210 2210 frigus
232 2135 452 2195 submoveri
473 2137 564 2211 vult,
585 2134 781 2195 alimentis
797 2131 1056 2194 lamemacsi·

82 2219 147 2279 tim
163 2219 429 2292 exstinguere.
454 2219 601 2296 quicquid
617 2227 703 2278 extra
717 2217 953 2292 concupiscitur,
967 2215 1056 2284 vitiis,

83 2319 146 2362 nou
163 2301 270 2361 usibus
285 2302 449 2363 laboratur.
477 2303 543 2364 Non
559 2310 607 2363 est
621 2317 751 2364 necesse
767 2317 857 2364 omne
871 2297 1058 2376 perscrutari

19 2425 32 2440 .
84 2385 268 2462 profundum
294 2401 351 2444 nec
376 2395 478 2460 strage
503 2387 676 2446 animalium
696 2395 832 2447 ventrem
854 2401 983 2446 onerare
999 2400 1057 2444 nec

84 2468 247 2548 conchylia
273 2469 366 2528 ultimi
386 2470 478 2530 maris
502 2485 541 2528 ex
565 2469 667 2544 ignoto
682 2470 770 2530 litore
785 2485 906 2530 eruerer
934 2469 964 2527 di
979 2469 1056 2528 istos

83 2554 224 2628 deaeque
244 2553 388 2626 perdant,
413 2569 543 2626 quorum
563 2553 683 2613 luxuria
704 2561 763 2612 tam
779 2552 923 2612 invidiosi
937 2549 1057 2626 imperii

83 2637 163 2698 lines
178 2636 375 2697 transcendit.
407 2635 492 2697 Ultra
506 2635 617 2696 Phasin
634 2635 704 2710 capi
715 2638 835 2706 volunt,
863 2636 946 2710 quod
961 2633 1087 2701 ambi-3

83 2721 194 2781 tiosam
215 2720 360 2795 popinam
379 2719 522 2792 instruat,
543 2735 600 2779 nec
623 2719 707 2794 piget
720 2735 739 2778 a
752 2717 885 2792 Parthis,
909 2717 1055 2794 aquibus

80 2805 218 2864 nondum
236 2819 353 2877 poenas
367 2803 560 2878 repetiimus,
574 2818 649 2862 aves
664 2810 778 2878 petere.
800 2803 936 2876 undique
949 2805 1056 2875 [raris-

77 2890 157 2948 simo
178 2891 322 2963 quaeque]
349 2885 523 2948 convehunt
545 2888 648 2946 omnia
671 2894 744 2946 uoto
769 2884 932 2946 fastidienti
955 2886 1055 2960 gulae.

78 2971 168 3045 quod
184 2970 354 3030 dissolutus
369 2968 486 3030 deliciis
503 2970 678 3030 stomachus
693 2969 744 3030 vix
759 2968 909 3041 admittat,
931 2968 970 3029 ab
989 2969 1055 3029 ulti-

83 3070 134 3115 mo
149 3061 288 3128 portatur
302 3051 435 3113 Oceano.
460 3062 587 3114 vomunt
600 3061 633 3114 ut
647 3054 752 3125 edant,
768 3053 862 3115 edunt
875 3060 909 3112 ut
923 3058 1055 3126 vomant,

79 3145 113 3198 et
133 3138 257 3212 epulas,
285 3153 362 3212 quas
383 3142 446 3197 toto
470 3137 544 3197 orbe
565 3136 763 3211 conquirunt,
788 3152 845 3195 uec
860 3151 1056 3212 concoquere

80 3221 255 3296 dignantur.
278 3221 340 3280 lsta
355 3220 381 3278 si
396 3219 465 3295 quis
477 3219 614 3294 despicit,
631 3221 704 3294 quid
716 3219 757 3278 illi
769 3227 935 3294 paupertas
945 3227 1058 3282 uocet‘l

82 3305 109 3364 si
126 3303 197 3379 quis
213 3302 416 3378 concupiscit,
432 3302 475 3362 illi
489 3311 655 3377 paupertas
672 3302 763 3363 etiam
779 3304 914 3378 prodest.
942 3303 1056 3363 invitus

79 3386 162 3448 enim
183 3395 309 3447 sanatur
331 3383 383 3460 et,
401 3387 427 3446 sl
447 3386 583 3447 remedia
597 3403 636 3446 ne
650 3395 775 3448 coactus
791 3387 915 3462 quidem
928 3387 1055 3460 recepit,

82 3469 202 3532 interim
218 3478 301 3531 certe
316 3471 388 3530 dum
402 3487 462 3530 nou
479 3477 595 3546 potest,
611 3469 724 3531 nolenti
738 3469 845 3532 similis
856 3479 912 3532 est.
937 3470 968 3530 C.
981 3469 1085 3532 Cae-4
