2528 3906
171 221 227 281 AD
250 219 475 280 GALLIUNEM
496 221 547 280 DE
568 219 662 282 VITA
675 222 816 282 BEATA.
839 231 960 286 15-18.
1003 221 1066 286 153

84 372 177 433 nibus
194 371 349 444 tangeris?
371 385 465 444 quare
486 371 596 430 cultius
610 385 664 430 rus
678 367 732 430 tibi
747 378 795 434 est
808 387 899 447 quam
919 375 1064 434 naturalis
1078 383 1099 448 2

85 471 164 516 usus
179 454 356 514 desiderati
378 469 432 514 cur
451 469 512 513 non
528 453 566 512 ad
584 455 806 528 praescriptum
822 463 907 514 tuum
928 465 1065 517 coenosi

85 555 141 599 cur
155 537 212 598 tibi
226 537 349 608 nitidior
364 537 505 611 supellex
522 543 590 596 esti
612 553 667 596 cur
687 538 772 611 apud
791 545 821 598 te
843 539 944 598 vinum
966 547 1064 600 aetate

86 632 137 683 tua
150 621 302 681 vetustius
316 619 449 680 bibituri
471 636 525 679 cur
537 635 644 679 arvum
654 620 847 695 disponiturt
867 637 922 682 cur
936 621 1065 684 arbores

85 706 159 766 nihil
176 711 298 779 praeter
311 703 448 763 umbram
464 703 590 764 daturae
605 711 853 767 conservantur?
875 720 971 780 quare
986 721 1067 766 uxor

84 797 137 850 tua
152 785 316 863 locupletis
335 787 445 848 domus
463 801 589 848 censum
612 787 736 848 auribus
757 787 855 862 geritt
874 805 969 863 quaro
992 803 1063 864 pae-

84 872 253 947 dagogium
267 871 404 946 pretiosa
417 877 504 930 veste
518 869 725 945 subcingitur?
745 887 840 946 quare
855 889 906 933 ars
918 881 966 933 est
980 874 1065 948 apud

84 965 114 1016 te
128 955 303 1015 ministrare
317 969 374 1014 nec
388 963 501 1015 temere
517 962 547 1014 et
565 960 599 1014 ut
612 953 686 1014 libet
698 955 876 1017 conlocatur
896 964 1062 1031 argentum,

84 1040 143 1100 sed
159 1039 257 1114 perite
272 1038 442 1098 servituret
460 1045 508 1098 est
522 1037 633 1112 aliquis
653 1036 814 1100 scindendi
832 1040 953 1100 obsonii
971 1041 1064 1114 magi·

85 1129 170 1184 steri
192 1122 290 1196 adice,
315 1121 342 1181 si
356 1121 412 1193 vis,
433 1137 488 1181 cur
507 1129 591 1182 trans
613 1135 697 1180 mare
718 1123 884 1196 possidesc
903 1139 959 1182 cur
977 1125 1068 1198 plura

86 1223 180 1282 quam
194 1205 297 1266 nestit
317 1206 444 1280 turpiter
458 1210 584 1264 auitam
598 1206 764 1279 neglegens
779 1219 823 1280 es,
845 1213 877 1266 ut
891 1217 953 1266 non
969 1223 1064 1268 nove-

83 1291 128 1350 τῖε
147 1289 300 1364 pauculos
315 1305 432 1360 servos
449 1295 502 1348 aut
512 1294 572 1347 tam
586 1289 772 1362 luxuriosus,
787 1297 821 1350 ut
831 1291 933 1364 plures
948 1290 1063 1349 habeas

86 1391 180 1449 quam
194 1389 324 1448 quorum
336 1371 458 1457 notitiae
472 1372 618 1432 memoria
629 1371 789 1434 sufficiat.“
803 1373 966 1433 Adiuvabo
979 1379 1061 1448 post·
1075 1381 1097 1434 3

84 1459 190 1532 modo,
216 1455 356 1518 convicia
373 1463 403 1516 et
414 1456 502 1531 plura
515 1457 586 1516 mihi
602 1453 694 1531 quam
711 1462 801 1530 putas
823 1455 961 1528 obiciam,
983 1471 1064 1515 nunc
1135 1495 1140 1504 -

84 1542 145 1602 hoc
159 1540 338 1616 respondeo
358 1539 426 1601 tibi=
448 1555 510 1599 non
531 1555 599 1600 sum
620 1539 747 1615 sapiens
769 1547 814 1613 et,
835 1547 869 1601 ut
888 1541 1064 1600 malivolen-

84 1625 158 1685 tiam
175 1632 259 1686 tuam
281 1639 416 1698 pascam,
430 1637 487 1682 nec
508 1638 572 1682 ero.
598 1623 688 1698 exige
707 1623 811 1698 itaque
832 1639 851 1683 a
870 1639 928 1698 me,
950 1631 1064 1684 utnon

85 1709 212 1784 optimis
227 1723 284 1783 par
304 1708 370 1780 sim,
386 1706 442 1766 sed
463 1711 496 1765 ut
509 1705 596 1766 malis
610 1707 732 1766 melior:
753 1707 813 1767 hoc
828 1707 900 1768 mihi
915 1707 990 1768 satis
1008 1713 1063 1779 est,
1112 1746 1115 1755 -

86 1791 202 1853 cotidie
230 1791 345 1865 aliquid
366 1806 404 1849 ex
426 1789 505 1848 vitiis
525 1789 602 1849 meis
628 1791 751 1850 demere
777 1798 807 1849 et
830 1793 951 1850 errores
977 1803 1063 1850 meos

38 1897 43 1900 ·
85 1876 260 1950 obiurgare.
281 1875 348 1935 Non
364 1874 489 1948 perveni
503 1873 543 1932 ad
557 1876 726 1946 sanitatem,
744 1888 784 1932 ne
805 1874 980 1948 perveniam
998 1874 1096 1948 qui-4

85 1960 167 2019 dem
199 1956 403 2019 delenimenta
416 1956 514 2030 magis
535 1971 627 2031 quam
646 1957 781 2016 remedia
802 1957 958 2031 podagrae
979 1971 1066 2016 meae

86 2059 244 2118 conpone,
260 2047 430 2114 contentus,
450 2039 477 2099 si
489 2039 592 2100 rarius
603 2041 722 2100 accedit
736 2048 766 2101 et
786 2041 811 2100 si
835 2040 934 2102 minus
955 2039 1065 2101 vermi-

87 2133 192 2186 natur:
214 2127 326 2186 vestris
342 2124 463 2200 quidem
481 2123 612 2198 pedibus
633 2131 817 2200 conparatus
832 2123 941 2186 debilis
953 2139 1067 2184 cursor

86 2227 166 2270 sum.
189 2211 275 2269 Haec
288 2223 349 2268 non
364 2225 419 2283 pro
437 2223 485 2267 me
499 2207 619 2282 loquor,
635 2224 693 2284 ego
710 2209 789 2268 enim
803 2205 832 2268 in
849 2211 908 2269 alto
923 2208 1067 2269 vitiorum

87 2293 224 2354 omnium
241 2309 316 2366 sum,
334 2293 388 2355 sed
404 2309 461 2367 pro
477 2291 541 2364 illo,
555 2290 605 2351 cui
619 2293 732 2367 aliquid
745 2292 805 2352 acti
820 2299 876 2351 est.

148 2377 260 2436 XVIII.
281 2377 411 2449 ‚,Aiiter‚
434 2375 547 2450 inquit,
568 2376 714 2451 loqueris
735 2377 821 2435 aliter
841 2377 950 2435 vivis.“
990 2375 1094 2448 Hont

86 2459 310 2536 malignissima
326 2460 425 2535 capita
444 2465 474 2518 et
494 2459 608 2534 optimo
630 2458 740 2533 cuique
761 2458 976 2530 inimicissima,
1000 2457 1066 2516 Pla-

86 2543 153 2605 toni
176 2543 329 2604 obiectum
350 2549 413 2616 est,
434 2543 585 2603 obiectum
599 2543 749 2617 Epicuro,
774 2543 925 2601 obiectum
942 2539 1066 2600 Zenoni.

87 2629 288 2688 omnesenim
300 2627 351 2687 isti
365 2617 574 2687 dicebantnon
583 2625 839 2702 quemadmodum
853 2624 913 2699 ipsi
921 2625 1067 2695 viverent,

88 2712 147 2772 sed
161 2712 419 2786 quemadmodum
431 2717 515 2770 esset
528 2709 606 2785 ipsis
619 2709 793 2770 vivendum.
815 2709 860 2767 De
876 2709 992 2779 virtute,
1008 2725 1069 2768 uon

87 2797 128 2854 de
151 2811 201 2854 me
221 2797 342 2872 loquor,
362 2801 393 2854 et
413 2809 482 2854 cum
502 2792 582 2854 vitiis
602 2792 775 2854 convicium
797 2793 890 2866 facio,
912 2793 942 2850 in
962 2791 1068 2868 primis

88 2879 167 2940 meis
189 2880 285 2940 iccio:
306 2893 375 2940 cum
390 2884 530 2954 potuero,
550 2878 651 2937 vivam
672 2877 827 2951 quomodo
848 2883 978 2952 oportet.
1005 2876 1100 2936 Neci

87 2963 261 3036 malignitas
278 2979 327 3023 me
347 2961 408 3023 ista
423 2962 516 3022 multo
533 2976 651 3032 veneno
671 2961 763 3020 tincta
777 2959 941 3021 deterrebit
961 2960 1000 3020 ab
1015 2975 1069 3035 op-

88 3044 182 3106 timis.
204 3063 244 3107 ne
259 3049 344 3108 virus
356 3045 479 3122 quidem
494 3045 585 3115 istud,
603 3061 664 3120 quo
677 3045 755 3105 alios
772 3045 924 3120 spargitis,
938 3060 999 3119 quo
1012 3059 1071 3104 vos

89 3131 218 3206 necatiS,
233 3147 283 3192 me
297 3131 441 3206 inpediet,
463 3129 640 3204 quominus
661 3144 857 3204 perseverem
877 3128 1004 3188 laudare
1026 3127 1070 3186 vi·
1168 3193 1172 3199 ,

90 3220 162 3288 taor,
186 3231 247 3276 non
264 3231 355 3292 quam
370 3230 439 3289 ago,
455 3215 512 3274 sed
527 3229 617 3288 quam
634 3213 783 3287 agendam
799 3214 875 3286 scio,
896 3213 1072 3286 quominus

91 3297 232 3359 virtutem
249 3308 279 3360 et
293 3316 332 3360 ex
344 3299 502 3358 intervallo
518 3297 632 3372 ingenti
646 3296 857 3372 reptabundus
869 3311 991 3370 sequar.
1013 3294 1104 3352 lix-3

90 3383 240 3456 spectabo
262 3384 394 3456 scilicet,
414 3389 448 3442 ut
468 3383 633 3457 quicquam
652 3379 878 3440 malivolentiae
899 3379 1075 3438 inviolatum

90 3467 141 3537 sit,
158 3467 208 3528 cui
223 3483 312 3528 sacer
326 3483 383 3526 nec
395 3465 525 3528 Rutilius
541 3466 597 3526 luit
611 3480 667 3524 nec
680 3463 775 3525 catut
801 3463 892 3524 Curet
904 3459 1020 3534 aliquis,
1037 3471 1076 3514 an
