2554 3888
187 267 250 332 172
355 270 389 329 L.
411 270 558 330 ANNAEI
580 269 756 330 SENECAE
776 259 877 330 ulai.
894 270 943 330 lx.

189 423 353 496 splendere
374 422 555 497 cogentibus
580 437 744 497 expressa,
771 421 829 481 sed
849 419 1017 482 domestica
1037 423 1175 497 civilis,

154 517 244 571 ancc
266 512 388 566 servata
408 521 465 566 nec
488 505 637 565 sumenda
659 503 798 565 sollicite.
830 505 932 565 Placet
947 504 1049 580 cibus,
1075 522 1174 581 quem

187 603 244 647 nec
261 597 368 662 parent
383 588 513 648 familiae
528 605 584 648 nee
599 591 753 663 spectent,
773 604 834 648 non
849 596 920 648 ante
941 591 1052 648 multos
1068 590 1168 664 impe-

186 679 272 732 ratus
287 672 354 732 dies
369 688 426 732 nec
441 674 600 733 mullorum
617 671 756 732 manibus
770 671 972 744 ministratus,
996 673 1053 732 sed
1076 687 1168 747 para-

188 754 258 814 bilis
274 754 448 830 tacitisque,
471 755 543 814 nihil
563 754 681 814 habens
696 755 835 816 arcessiti
852 755 1025 830 pretiosive,
1040 755 1173 816 ubilibet

186 854 247 898 uon
271 839 445 911 defuturus,
471 854 527 898 nec
548 837 727 913 patrimonio
749 853 807 898 nec
821 839 943 914 corpori
958 839 1077 913 gravis,
1103 855 1169 898 non

154 925 170 982 7
185 922 339 991 rediturus
354 939 415 997 qua
429 922 590 983 intraverit.
621 921 724 983 Placet
737 921 874 982 minister
887 922 1019 983 incultus
1035 929 1065 983 et
1077 923 1171 982 rudis

185 1005 326 1078 vernula,
353 1012 510 1080 argentum
526 1021 620 1081 grave
639 1005 744 1066 rustici
762 1005 856 1081 patris
878 1006 945 1066 sine
957 1001 1021 1066 ‘ullo
1042 1007 1171 1066 nomine

186 1088 325 1161 artificis,
352 1097 382 1149 et
402 1105 508 1148 mensa
531 1106 592 1148 non
619 1088 765 1149 varietate
785 1089 972 1150 macularum
995 1088 1186 1165 conspicua.

185 1187 243 1230 nec
260 1187 314 1246 per
329 1174 439 1232 mullas
454 1174 644 1234 dominorum
661 1173 843 1247 elegantium
858 1173 1075 1234 successiones
1091 1174 1169 1232 eivi-
1275 1157 1276 1204 ³

185 1256 236 1314 tati
252 1263 338 1329 nola,
355 1257 410 1316 sed
427 1259 454 1315 in
472 1274 559 1317 usum
578 1257 691 1331 posita,
708 1272 787 1331 quae
801 1257 913 1318 nullius
928 1258 1076 1318 convivae
1091 1273 1169 1316 ccu-

153 1339 233 1400 Slos
257 1355 314 1398 nec
339 1343 495 1415 voluptate
521 1349 655 1400 moretur
679 1355 737 1399 nec
762 1341 911 1400 accendat
933 1340 1057 1400 invidia.
1091 1341 1166 1400 Cum

187 1422 266 1483 bene
282 1423 340 1483 ista
356 1427 548 1498 placuerunt,
571 1423 766 1497 praestringit
780 1423 911 1484 animum
928 1425 1096 1499 adparatus
1111 1425 1171 1482 ali-

187 1508 273 1566 cuius
295 1509 493 1582 paedagogii,
519 1507 693 1580 diligentius
713 1518 806 1580 ‘quam
827 1507 857 1566 in
878 1509 988 1569 balatu
1011 1508 1121 1568 vestita
1137 1515 1171 1568 et

186 1605 262 1650 auro
282 1592 363 1649 culta
384 1591 534 1665 mancipia
554 1597 584 1650 et
603 1605 710 1665 agmen
734 1605 894 1651 servorum
909 1591 1075 1652 nitentium.
1103 1590 1170 1650 iam

186 1673 295 1733 damus
316 1673 405 1732 etiam
422 1690 483 1749 qua
504 1674 639 1733 calcatur
661 1675 796 1749 pretiosa
815 1682 845 1734 el
859 1674 971 1736 divitiis
987 1691 1043 1750 per
1057 1689 1170 1734 omnes

185 1757 314 1830 angulos
344 1757 516 1832 dissipatis,
555 1763 635 1816 tecla
662 1759 731 1832 ipsa
760 1758 905 1832 lulgcntia
932 1767 972 1820 et·
990 1759 1172 1818 adsectator

186 1854 352 1914 comesque
367 1840 615 1915 patrimoniorum
630 1842 820 1916 pereuntium
838 1843 981 1917 populus.
1005 1841 1083 1916 Quid
1096 1857 1169 1916 per-

185 1924 314 1983 lucentis
335 1925 374 1984 ad
394 1925 485 1985 imum
506 1939 603 1999 aquas
624 1932 654 1986 et
668 1923 915 1986 circumfluentes
930 1927 999 2001 ipsa
1013 1925 1168 1999 convivia,

156 2007 259 2082 cquid
282 2010 389 2082 epulas
411 2011 520 2083 loquar
543 2023 637 2068 scena
657 2025 713 2069 sua
737 2009 868 2084 dignust
892 2009 1096 2071 -Circunludtt
1115 2024 1171 2068 me

187 2106 226 2150 ex
241 2091 332 2164 longo
349 2091 525 2165 frugalitatis
540 2093 781 2153 situ-venientem
794 2093 886 2153 multo
899 2095 1064 2169 splendore
1075 2094 1167 2173 luxu·

186 2174 233 2232 ria
247 2180 277 2232 et
291 2172 427 2249 undique
447 2175 673 2238 circumsonuit.
703 2178 827 2252 paulum
842 2178 950 2238 titubat
969 2177 1062 2238 acies.
1091 2177 1170 2236 laci·

186 2256 246 2314 lius
263 2256 413 2316 adversus
429 2258 509 2317 illam
525 2259 657 2319 animum
673 2277 763 2335 quam
782 2263 889 2321 oculos
906 2262 1030 2322 adtolle.
1050 2261 1169 2320 recedo

187 2338 291 2414 itaque
305 2355 365 2398 non
388 2340 489 2414 peior,
512 2343 568 2402 sed
583 2345 710 2417 tristior,
732 2360 789 2404 nec
804 2343 882 2405 inter
902 2345 953 2404 illa
973 2345 1082 2404 frivola
1097 2360 1169 2402 mea

186 2428 247 2482 tam
273 2424 352 2483 altus
376 2424 486 2486 incedo
511 2427 682 2504 tacitusque
706 2445 828 2488 morsus
854 2428 936 2490 subit
956 2437 986 2489 et
1006 2427 1168 2508 dubitatio,

186 2507 334 2582 numquid
355 2506 407 2569 illa
425 2510 551 2570 meliora
571 2511 645 2572 sinu
672 2511 744 2570 nihil
765 2512 873 2572 borum
891 2527 940 2572 me
961 2518 1069 2586 mutat,
1092 2510 1167 2572 nihil

145 2604 247 2658 nonan
274 2599 373 2651 tamen
400 2596 542 2655 concutit.
583 2594 685 2654 Placet
709 2595 790 2668 inldc
814 2598 902 2676 aiam]
929 2603 1171 2672 praeceptorum

115 2697 121 2706 ²
187 2673 277 2752 sequi
302 2683 333 2754 et
356 2675 386 2736 in
411 2678 541 2739 mediam
568 2679 612 2738 ire
636 2678 863 2752 rempublicam.
905 2681 1006 2756 placet
1028 2679 1171 2740 honores

186 2759 352 2836 fascesque
373 2777 434 2822 non
456 2761 573 2822 scilieet
592 2778 727 2836 purpura
747 2771 799 2824 aut
819 2765 914 2839 virgis
936 2763 1100 2823 abductum
1116 2777 1167 2822 ca-

186 2856 324 2916 pessere,
342 2844 398 2902 sed
412 2853 446 2905 ut
459 2844 565 2905 amicis
581 2846 825 2921 propinquisque
840 2855 869 2907 el
881 2848 1023 2908 omnibus
1035 2845 1170 2918 civibuS,

187 2925 328 2986 omnibus
343 2927 454 2988 deinde
471 2930 648 2990 mortalibus
661 2931 795 3003 paratior
804 2932 966 3007 utiliorque
979 2929 1045 2991 sim.
1063 2944 1168 3004 protn-

186 3010 464 3094 ptusxeonposilus
480 3028 596 3086 sequor
609 3013 742 3086 Zenona,
758 3014 931 3086 Cleanthen,
948 3012 1169 3092 Chrysippum,

188 3102 435 3167 quorum-tamen
458 3111 548 3156 nemo
571 3097 610 3156 ad
630 3098 849 3172 rempublicam
870 3098 1003 3159 accessit
1022 3105 1052 3157 et
1073 3112 1169 3156 nemo

141 3189 246 3242 11n0n
263 3176 356 3236 misit:
379 3178 431 3238 ubi
446 3179 560 3253 aliquid
580 3179 711 3241 animam
732 3181 883 3242 insolitam
902 3181 1023 3242 arietari
1039 3195 1168 3256 percus·
1275 3237 1276 3240 ,

188 3259 241 3332 sit,
266 3259 317 3318 ubi
338 3259 452 3336 aliquid
473 3263 604 3323 oecurrrit
623 3271 675 3322 aut
694 3265 864 3339 indignum,
889 3272 923 3326 ut
947 3265 978 3324 in
999 3264 1081 3324 omni
1106 3263 1169 3322 vita

187 3343 319 3402 humana
334 3344 427 3403 multa
443 3352 528 3417 sunt,
550 3353 602 3406 aut
614 3363 721 3422 parum
736 3364 778 3408 ex·
790 3348 871 3409 lacili
885 3347 1000 3421 fluens,
1024 3353 1076 3407 aut
1090 3347 1168 3406 mul-

187 3432 249 3485 tum
265 3425 411 3500 temporis
431 3441 482 3486 res
508 3443 696 3504 nonmagna
718 3431 925 3492 aestimandae
944 3435 1170 3508 poposcerunt,

185 3509 226 3570 ad
242 3509 334 3571 olium
350 3517 513 3571 convertor
527 3517 557 3570 et
578 3513 834 3588 quemadmodum
854 3514 1018 3591 pecoribus
1034 3512 1172 3588 fatigatis
