2522 3906
224 233 266 298 14
281 235 408 298 ΒΙΑΜ.
422 237 555 311 QUnRu
563 239 713 314 ALIQUA
724 239 958 302 INCOMMODA
967 241 1083 304 BONIS
1092 243 1204 304 VIRIS

224 387 263 446 de
278 394 393 446 nostro.
423 385 501 460 Quid
522 392 570 446 est
590 384 661 446 boni
675 385 754 445 viri?
772 386 921 461 praebere
935 403 971 446 se
985 387 1057 447 tato.
1084 389 1213 462 grande-

223 469 364 529 solatium
385 476 432 530 est
452 485 521 530 cum
541 468 686 530 universo
703 467 779 542 rapi.
807 469 954 544 quicquid
975 478 1022 530 est
1043 471 1128 545 quod
1143 488 1206 532 nos

222 553 267 612 sic
278 554 397 626 vivere,
415 553 461 612 sic
475 552 552 612 mori
565 552 670 628 iussit,
691 553 798 612 eadem
812 553 995 614 necessitate
1010 561 1040 614 et
1053 554 1131 615 deos
1147 556 1203 614 ad·

215 633 301 710 'ligat
318 635 536 696 *inrevocabilis
551 635 682 696 humana
696 637 808 711 pariter
822 651 859 695 ac
871 637 973 696 divina
986 652 1095 697 cursus
1108 638 1202 698 vehit

219 718 270 778 ille
290 719 358 794 ipse
380 719 513 780 omnium
533 719 673 780 conditor
687 727 718 779 et
736 727 836 779 rector
850 720 974 794 scripsit
989 721 1112 795 quidem
1129 723 1201 793 iata,
1227 762 1230 766 -

191 802 277 868 used
292 803 439 878 sequitur.
462 819 584 877 semper
594 799 698 877 paret,
720 804 816 862 semel
835 803 933 862 iussit.
960 803 1081 878 „Quare
1097 812 1201 864 tamen

220 885 297 944 deus
313 892 374 946 tam
394 886 517 960 iniquus
538 885 569 945 in
585 886 796 946 distributione
812 887 863 945 tati
879 886 948 960 suit,
971 893 1004 946 ut
1018 887 1108 959 bonis
1126 887 1212 947 viris

219 976 430 1043 paupertatem
450 976 480 1028 et
500 971 626 1030 volnera
646 975 677 1028 et
702 969 814 1028 acerba
834 971 943 1028 iunera
962 969 1202 1030 adscriberett“

217 1049 282 1110 Non
295 1059 397 1126 potest
407 1053 514 1112 artifex
527 1061 642 1112 mutare
653 1051 823 1111 materiam=
837 1051 897 1112 hoc
912 1069 1006 1126 passa
1018 1059 1074 1111 est.
1103 1071 1202 1128 quae-

218 1134 286 1192 dam
304 1135 441 1210 separari
455 1147 473 1194 a
489 1137 671 1210 quibusdam
685 1152 746 1195 non
761 1143 907 1209 possunt,
924 1135 1102 1206 cohaerent,
1119 1138 1202 1195 indi-

218 1217 315 1278 vidua·
331 1227 416 1280 sunta
437 1219 580 1294 languida
600 1219 722 1292 ingenia
741 1225 770 1276 et
790 1217 819 1276 in
836 1234 974 1278 somnum
996 1219 1074 1278 itura
1094 1227 1148 1279 aut
1169 1222 1202 1278 in

215 1301 347 1374 vigiliam
369 1320 476 1363 somno
498 1303 678 1362 simillimam
692 1301 837 1362 inertibus
853 1309 1013 1362 nectuntur
1027 1303 1201 1362 elementis,

215 1391 249 1442 ut
263 1386 411 1445 efficiatur
421 1387 469 1444 vir
481 1403 549 1445 cum
565 1402 638 1446 cura
653 1385 811 1457 dicendus
826 1385 949 1445 tortione
965 1387 1025 1444 tato
1042 1401 1122 1459 opus
1138 1394 1200 1446 est.

159 1505 163 1514 ‚
215 1483 277 1528 non
292 1471 348 1530 erit
362 1471 403 1528 itti
419 1470 540 1543 planum
554 1468 620 1527 iter.
649 1484 770 1527 sursum
791 1475 910 1542 oportet
924 1484 960 1527 ac
975 1469 1120 1528 deorsum
1136 1478 1199 1542 eat,

215 1549 378 1612 fluctuetur
393 1567 429 1610 ae
444 1549 597 1624 navigium
613 1553 642 1610 in
658 1551 778 1610 turbido
794 1557 889 1624 regat.
923 1559 1028 1610 contra
1041 1552 1204 1612 fortunam

214 1633 256 1690 iili
271 1635 420 1694 tenendus
436 1641 484 1700 est
497 1650 616 1694 cursus.
635 1635 727 1692 muita
742 1634 881 1694 accident
896 1635 981 1707 dura,
993 1650 1118 1708 aspera,
1138 1638 1204 1695 sed

216 1731 296 1788 quae
312 1717 425 1779 molliat
440 1725 469 1776 et
484 1719 646 1791 conpianet
660 1717 738 1792 ipse.
766 1717 849 1791 Ignis
869 1734 976 1776 aurum
997 1718 1123 1791 probat,
1139 1720 1202 1778 mi-

171 1800 296 1858 loseria
315 1799 408 1860 sortes
428 1801 521 1860 viros.
549 1801 630 1860 Vide
646 1817 736 1874 quam
751 1803 809 1860 alte
824 1802 991 1860 escendere
1006 1801 1116 1862 debeat
1133 1803 1200 1861 vir-

214 1887 279 1940 tus:
294 1883 375 1942 scias
390 1885 432 1944 itti
447 1901 507 1943 nou
523 1899 579 1957 per
594 1899 703 1944 secura
718 1884 900 1944 vadendum.

298 1967 405 2026 Ardua
418 1971 780 2042 primauiuestetquom
794 1971 846 2026 uix
859 1973 1091 2028 mouereeeutes

296 2053 445 2110 enituntur
457 2053 533 2124 equi,
553 2053 648 2110 medio
660 2059 703 2110 est
716 2054 857 2110 altissimo
871 2055 964 2133 coeto,
1250 2051 1251 2138 j

296 2135 375 2192 uude
388 2150 472 2194 more
485 2139 515 2194 et
527 2140 625 2193 terrm
638 2137 697 2208 ipsi
708 2135 782 2193 mihi
794 2151 884 2208 saepe
897 2137 997 2194 uidere

294 2219 333 2275 sit
345 2219 430 2276 timor
443 2226 472 2278 et
481 2218 595 2292 pavido
610 2219 737 2292 trepidet
745 2218 909 2290 formidine
917 2224 1031 2294 pectus.

176 2296 180 2308 ‘
293 2298 404 2376 Ultima
413 2318 514 2380 prono
527 2304 576 2360 uic
589 2308 633 2362 est
644 2309 673 2361 et
685 2308 751 2374 epet
762 2303 961 2361 moderamine
974 2306 1062 2361 certo.
1250 2297 1251 2326 ¹

294 2386 465 2444 tumetium
479 2387 763 2458 puoemesuot'ectis
777 2386 1001 2459 exercitandis,

294 2483 332 2527 ne
342 2467 433 2539 ferar
445 2472 478 2528 e'n
485 2484 650 2543 praeceps,
670 2469 774 2543 Tethys
786 2471 858 2528 solet
869 2471 930 2526 ima
943 2468 1049 2527 uereri.

168 2547 294 2608 11Haec
315 2564 384 2611 oum
406 2553 544 2611 audisset
565 2552 615 2610 ilie
639 2565 810 2626 generosus
832 2550 1029 2609 adulescens=
1051 2549 1202 2629 ,‚ptaoet‚

208 2629 319 2706 inquit,
337 2632 403 2692 viar
425 2635 570 2694 escendo.
600 2643 647 2694 est
660 2634 733 2694 tanti
748 2648 805 2708 per
818 2633 877 2692 ista
892 2634 936 2692 ire
951 2637 1094 2692 casuro.“
1120 2631 1200 2700 Non
1250 2707 1251 2710 Ἴ

209 2713 320 2773 desinit
334 2732 434 2776 aorem
451 2718 584 2778 animum
599 2724 681 2777 metu
695 2715 847 2777 territare:
918 2721 925 2732 “
1250 2713 1251 2772 i

291 2804 380 2872 utque
394 2803 472 2860 uiam
488 2808 588 2863 teneas
600 2803 737 2876 nulloque
752 2815 856 2860 errore
871 2799 1017 2872 maharu,

285 2897 346 2956 per
359 2888 456 2944 tamen
470 2885 591 2944 actumst
598 2885 751 2958 prodieris
766 2899 880 2943 coruuu
895 2885 977 2942 tauri
1250 2909 1251 2978 p

290 2964 522 3042 Haemoniosque
536 2983 626 3026 oreos
640 2969 814 3040 violentique
826 2983 882 3026 ora
896 2968 996 3026 leonis.
1250 2985 1251 3070 p

204 3045 280 3107 Post
292 3045 369 3108 haec
383 3049 438 3108 ait:
460 3049 580 3122 „qupe
595 3050 680 3110 datos
695 3066 812 3110 currus.
840 3049 888 3108 his
910 3048 1021 3122 quibus
1037 3046 1204 3111 deterreri
1250 3073 1251 3130 t

205 3144 254 3188 me
275 3137 380 3205 putas,
402 3131 518 3192 incitor.
546 3131 620 3190 libet
637 3133 698 3192 iilic
718 3139 800 3192 stare
822 3133 872 3192 ubi
885 3132 955 3206 ipse
971 3129 1025 3191 Sol
1041 3129 1201 3203 trepidat.
1250 3141 1251 3224 t

205 3211 326 3274 humilis
341 3221 371 3274 et
387 3214 490 3276 inertis
506 3220 553 3274 est
567 3222 631 3275 tute
645 3215 770 3276 sectari=
785 3231 841 3289 per
855 3216 915 3276 atta
929 3214 1025 3274 virtus
1039 3211 1093 3271 it.“
1135 3289 1139 3296 ⁴
1250 3225 1251 3286 t

175 3303 191 3355 1
264 3297 316 3356 Vi.
338 3296 457 3371 „Quare
471 3305 571 3360 tamen
582 3297 671 3359 bonis
682 3299 757 3360 viris
768 3297 881 3372 patitur
890 3296 1006 3371 aliquid
1020 3294 1091 3354 mali
1105 3295 1203 3360 deus
1250 3289 1251 3362 i

204 3379 310 3439 fieriu‘
330 3381 384 3441 llio
399 3397 472 3442 vero
487 3399 549 3443 non
563 3383 684 3458 patitur.
706 3381 808 3441 omnia
822 3381 902 3440 mala
916 3381 954 3440 ab
969 3379 1028 3440 illis
1041 3383 1203 3458 removit,
1250 3397 1251 3464 t

198 3465 322 3526 'scelera
342 3472 372 3525 et
391 3464 506 3542 flagitia
526 3474 556 3527 et
570 3465 770 3542 cogitationes
784 3465 941 3540 improbas
956 3469 986 3524 et
1001 3460 1092 3522 avida
1107 3476 1202 3525 con—

1250 3575 1251 3612 t
