2546 3890
294 203 582 264 EPIGRAMMATA
604 203 729 264 SUPER
749 201 889 262 Exitio.
1019 201 1083 265 263

193 373 247 416 vn.
345 371 387 414 nu
410 369 624 423 nunnrrarr
645 368 844 412 nunionis.

151 441 258 501 Omnia
271 446 393 514 tempus
408 437 488 497 edax
503 437 695 512 depascitur,
718 436 820 496 emnia
834 435 946 512 carpit,

193 522 299 582 Omnia
314 521 390 582 sede
403 528 520 594 movet,
542 521 584 580 nil
599 519 672 580 sinit
685 535 757 580 esse
771 519 832 580 diu.

153 607 286 667 Flumina
301 604 459 678 deficiunt,
482 605 643 680 profugum
658 619 742 662 mare
757 601 856 663 littora
871 601 978 675 siccat,

193 688 362 750 Subsident
376 697 495 748 montes
507 694 541 748 'et
553 689 625 762 iuga
639 689 723 747 eeisa
737 693 837 748 ruunt
886 681 889 688 '

151 773 228 847 Quid
241 781 303 834 tam
317 787 413 848 parva
426 771 559 846 lequor‘t
579 771 676 831 moles
692 769 895 846 pulcherrima
909 768 988 830 coeii
1064 778 1083 830 a

192 855 320 916 ⁴audebit
333 853 464 915 flammis
478 861 542 915 tnta
554 862 681 930 repente
696 854 770 914 suis.

150 939 257 1000 Omnia
271 955 355 1000 mors
370 938 481 1014 poscit.
513 937 578 998 Lex
593 944 654 1011 est,
675 954 737 998 non
752 953 867 1012 poena,
890 935 1007 1012 perire:

191 1024 247 1083 Hie
263 1023 366 1099 aliquo
381 1023 513 1084 mundus
528 1029 666 1097 tempore
681 1023 782 1081 nuilus
798 1020 864 1081 erit.
948 1031 952 1037 '

190 1123 259 1165 vm.
521 1120 657 1165 vonum.

148 1190 203 1252 Sie
217 1190 289 1250 mihi
304 1191 343 1250 sit
357 1190 450 1250 irater
463 1187 622 1264 maiorque
637 1190 798 1264 minorque
812 1195 986 1264 superstes,

191 1275 229 1334 Et
242 1274 281 1335 de
295 1289 344 1334 me
358 1273 462 1334 doleat
475 1273 516 1332 nii
531 1273 590 1333 nisi
605 1281 700 1332 morte
714 1287 792 1332 mea.

149 1355 203 1418 Sie
216 1358 286 1418 iilos
301 1354 435 1430 vineam,
459 1358 505 1417 sie
518 1357 624 1416 vinear
637 1372 745 1416 rursus
761 1356 908 1416 amando:

190 1441 313 1502 Mutuus
329 1439 479 1501 internos
496 1440 542 1500 sie
556 1439 635 1500 bene
650 1447 745 1499 certet
760 1455 855 1498 amor.

147 1523 200 1584 Sic
217 1525 298 1584 dulei
314 1523 451 1597 Marcus,
476 1524 528 1599 qui
543 1539 624 1583 nune
638 1539 781 1583 sermone
795 1521 934 1593 fritinnit,
1065 1533 1085 1581 n

189 1608 336 1668 Facundo
342 1615 477 1702 patruos
495 1615 644 1682 provocet
658 1623 712 1666 ore
726 1607 815 1667 duos.

191 1709 234 1750 1x.
449 1707 495 1750 nn
518 1706 730 1751 coanuenn.

147 1775 293 1836 Corduba
308 1776 396 1837 solve
410 1790 515 1837 eomas
530 1782 560 1834 et
573 1775 677 1835 tristes
692 1775 785 1834 indue
798 1774 915 1834 voltus:

191 1859 389 1920 inlacrimans
405 1858 500 1920 cineri
514 1873 640 1918 munera
655 1857 737 1917 mitte
751 1873 830 1916 meo.
1017 1913 1021 1922 ,

148 1943 237 2003 Nune
250 1943 419 2019 longinqua
432 1949 518 2004 tuum
532 1942 673 2016 deplora,
697 1941 853 2014 Corduba,
876 1947 991 2016 vatem,

193 2025 350 2101 Corduba,
365 2043 427 2086 non
441 2026 500 2086 alio
514 2032 653 2100 tempore
668 2031 787 2085 moesta
801 2022 916 2099 magist

145 2111 298 2185 Tempore
313 2127 374 2171 nen
387 2108 455 2185 iiio,
477 2125 539 2184 que
553 2109 635 2169 versi
650 2106 768 2168 viribus
784 2108 867 2170 orbis
1065 2121 1085 2172 a

191 2191 331 2254 incubuit
344 2193 416 2254 belii
430 2201 494 2254 tota
507 2193 596 2254 ruina
609 2193 676 2267 tibi,

148 2278 223 2361 Cum
238 2275 366 2352 geminis
382 2293 536 2354 oppressa
547 2275 635 2336 malis
650 2277 802 2352 utrimque
816 2275 955 2356 peribas:

191 2361 229 2421 Et
240 2361 293 2422 tibi
307 2359 486 2438 Pompeius,
509 2361 622 2420 Caesar
637 2369 667 2419 et
679 2359 778 2420 hostis
793 2368 867 2421 erat.

145 2447 300 2520 Tempore
313 2461 373 2506 non
388 2446 454 2519 ilie,
477 2461 539 2518 uuo
555 2452 602 2505 ter
615 2443 668 2502 tibi
683 2445 788 2501 funera
803 2451 923 2504 eentum

191 2529 260 2588 Heu
274 2545 338 2590 nox
351 2545 412 2590 una
426 2527 523 2603 dedit,
544 2543 625 2604 quae
638 2525 691 2586 tibi
707 2542 826 2586 summa
841 2528 905 2587 fuit.
938 2553 940 2558 ¹
1049 2536 1087 2588 10

148 2612 230 2686 Non,
252 2611 417 2674 Lusitanus
433 2619 572 2687 quateret
586 2626 655 2670 eum
669 2608 791 2669 moenia
805 2610 898 2684 latro,

191 2695 313 2771 Figeret
327 2702 357 2756 et
370 2703 476 2772 portas
491 2697 599 2754 ianeea
611 2701 691 2754 torta
704 2702 783 2753 tuas.

155 2774 202 2840 ine
216 2788 286 2841 tuus
302 2779 456 2855 quendam
469 2793 615 2852 magnus,
635 2785 686 2838 tua
700 2775 811 2850 gloria,
835 2777 910 2837 civis

191 2863 306 2938 Infigar
319 2865 460 2938 scopulo.
497 2861 640 2922 Corduba
657 2861 744 2920 solve
759 2875 878 2936 comae,

157 2940 320 3022 Etgmtare
334 2945 403 3021 tibi,
427 2946 510 3022 qnod
525 2951 556 3006 te
569 2952 678 3005 natura
695 2959 840 3018 supremo
1049 2953 1085 3006 15

201 3031 286 3091 iltuit
301 3046 432 3092 oceanea
455 3029 572 3092 tardius
588 3029 647 3088 ista
662 3026 761 3088 dales.

488 3287 696 3299 ..ι-...α
