2522 3906
487 145 500 174 ἱ

120 293 149 334 vr
506 279 742 332 reseratio.

121 435 181 468 nem
197 425 295 484 potest,
314 419 442 482 quomodo
457 418 629 468 emendandus
642 419 675 468 sit
687 417 758 468 loeus
770 417 835 470 Dial.
845 419 901 480 Vll,
914 420 956 479 to,
971 419 995 470 1.
1015 421 1058 471 nbi
1068 421 1139 485 quod

124 488 207 538 edlruc
223 487 264 537 edi
281 487 387 552 solebat,
400 487 475 552 plane
491 487 631 536 inauditum
645 495 699 536 est:
715 487 790 536 Nam
808 489 938 551 quidem
955 489 983 538 si
1001 497 1030 539 et
1044 491 1139 554 paria

123 557 227 606 dictis
244 563 391 620 agerent,
410 555 485 618 quid
504 563 592 606 esset
609 555 681 604 illis
698 556 855 607 beatius?
872 557 954 607 Vetus
972 557 1061 606 vitium
1079 573 1140 608 esse

125 631 247 676 monstret
261 627 285 674 ai
299 624 438 688 particula,
460 639 525 687 quae
542 625 592 672 iam
610 625 636 672 in
654 625 749 688 optimc
765 625 821 674 cod.
838 625 941 676 Medici.
957 625 1009 690 legi
1021 625 1138 692 perhibe-

106 701 178 752 ·tur,
204 692 274 742 illata
291 693 336 742 illa
352 693 422 743 baud
440 693 516 742 dubie
534 693 566 740 ab
584 690 684 741 infelice
703 702 856 752 correctore;
880 701 908 742 nt
929 703 1015 744 antem
1032 697 1069 745 uti
1085 694 1139 761 syl-

124 761 196 812 labae
213 761 369 820 exciderent,
387 761 477 810 accidit
493 762 526 810 ob
544 759 653 810 similem
669 763 765 810 exitum
782 762 852 820 vocis
870 763 1052 814 antecedentis.

192 829 259 880 Haec
275 831 419 894 speciminis
437 843 515 878 causa
532 828 650 878 aurificere
666 843 743 894 posse
760 827 878 880 videntur
892 843 975 895 pauca
990 832 1021 882 de
1036 831 1137 890 multis;

123 913 170 950 nec
194 909 279 948 tamen
301 899 403 958 dubito,
428 899 488 961 quin
511 913 611 955 eornm,
636 913 700 960 quae
716 899 749 948 ob
765 906 920 948 constantem
935 898 1046 950 Senecae
1063 915 1138 950 usum

124 967 282 1017 emendanda
302 975 375 1026 sunt,
400 981 449 1032 ego
469 969 569 1035 quoque
593 967 643 1016 alia
660 981 711 1016 non
731 967 964 1028 animadverterim,
989 968 1053 1030 alia,
1080 983 1139 1019 curn

124 1043 242 1100 suspecte
258 1043 354 1098 essent,
373 1035 465 1084 iniuria
481 1037 575 1084 intacta
592 1035 748 1098 reliquerim
767 1044 806 1085 est
820 1037 887 1084 enim
902 1036 966 1087 haec
981 1052 1022 1087 res
1033 1046 1086 1088 tam
1099 1039 1139 1088 in·

122 1105 209 1154 linitae
227 1103 385 1170 diligentiae,
405 1111 433 1153 nt
446 1104 522 1153 etiam
535 1104 561 1152 in
575 1099 695 1169 seriptdre
707 1103 905 1154 familiarissimo
919 1119 1000 1156 novae
1011 1107 1059 1157 tibi
1071 1121 1138 1156 sem-

124 1189 171 1238 per
191 1174 351 1236 quaestiones
371 1173 535 1222 suboriantur
554 1179 579 1221 et
601 1187 667 1222 ncvo
688 1173 771 1223 studio
793 1174 906 1224 iteranda
929 1176 962 1224 sit
984 1175 1138 1226 observatio.

125 1241 240 1292 Ceterum
258 1241 359 1292 dicendi
378 1256 458 1306 genus
476 1241 503 1290 in
519 1242 636 1291 omnibus
655 1240 766 1292 Senecae
783 1242 855 1292 libris
874 1243 941 1293 idem
959 1243 1013 1294 lere
1030 1251 1054 1293 et
1071 1257 1139 1293 sem-

123 1325 170 1375 per
187 1313 229 1360 sui
243 1310 327 1360 simile
346 1320 397 1369 est,
416 1311 479 1360 adeo
497 1311 600 1374 quidem
618 1319 645 1360 ut
660 1326 692 1360 ne
703 1311 892 1376 Epigrammata
904 1313 1006 1375 quidem
1019 1313 1139 1376 excipere

123 1379 216 1439 velim,
240 1395 305 1442 quae
322 1379 448 1430 nonnullis
464 1379 519 1428 sine
537 1380 628 1430 idonea
648 1394 724 1429 causa
744 1381 831 1443 spuria
847 1381 904 1430 visa
922 1386 994 1440 sunt;
1019 1381 1088 1430 idern
1106 1381 1138 1430 de

125 1447 301 1499 Consolatione
311 1449 345 1498 ad
361 1447 494 1514 Polybium
507 1448 577 1504 dico;
598 1448 673 1511 quid,
691 1449 759 1510 quod
773 1449 799 1496 in
813 1447 886 1498 Ludo
901 1465 1002 1512 quoqne
1017 1451 1049 1500 de
1060 1457 1141 1498 morte

125 1516 225 1568 Claudii
243 1517 364 1568 Senecam
381 1531 519 1580 agnoscere
536 1515 611 1564 facile
628 1524 679 1574 est,
700 1529 852 1577 quamquam
869 1517 895 1564 in
913 1531 943 1565 eo
958 1531 1000 1566 res
1016 1519 1073 1582 ipsa
1086 1521 1140 1568 sin-

125 1588 239 1652 gularem
264 1587 384 1636 orationis
407 1583 514 1633 formam
531 1583 705 1647 desiderabat,
732 1584 758 1632 in
776 1597 827 1645 qna
844 1583 980 1634 manifesta
997 1594 1037 1634 est
1054 1586 1140 1636 Petro·

125 1650 215 1706 nianae
232 1664 334 1704 saturae
353 1652 472 1712 imitatio.
495 1651 532 1700 De
547 1650 696 1701 emendandi
714 1665 773 1700 vero
786 1651 934 1702 difficultate
947 1654 970 1702 si
983 1656 1140 1716 quaerimus,

124 1739 175 1774 non
199 1723 311 1772 omniurn
334 1721 456 1770 librorum
476 1734 523 1784 par
545 1721 609 1770 ratio
625 1726 672 1770 est.
708 1719 815 1769 Exstant
832 1728 917 1771 nutem
935 1724 1048 1772 omnium
1066 1723 1139 1772 multi

125 1792 198 1842 codd.
222 1805 296 1848 mss.;
323 1805 379 1839 cum
398 1789 464 1838 enim
482 1789 566 1840 medic
587 1803 650 1838 aevo
669 1787 765 1838 Seneca
779 1789 843 1839 inter
860 1793 996 1855 scriptores
1012 1793 1139 1856 probatis-

125 1862 208 1909 simos
221 1866 246 1908 et
263 1858 330 1908 lectu
348 1858 513 1922 dignissimos
528 1856 677 1916 haberetur,
700 1856 794 1906 lactum
813 1866 851 1908 est
868 1865 896 1908 ut
913 1859 1029 1923 plurimis
1043 1862 1139 1924 ubique

125 1927 247 1991 exemplis
262 1927 387 1992 descripta
400 1927 456 1975 eius
468 1941 546 1990 opera
557 1927 625 1978 vitiis
636 1925 796 1975 inficerentur
807 1926 1045 1988 innumerabilibus;
1063 1930 1140 1994 pauci

124 2004 183 2048 sunt
201 1995 303 2046 codices
320 1995 500 2058 vetustissimi,
519 1995 563 2057 qui
581 2003 771 2057 quemquamst
788 1995 838 2058 ipsi
851 1995 987 2059 aliqnando
1001 2005 1044 2047 aut
1056 2011 1141 2048 errore

125 2065 255 2130 depravati
272 2073 330 2113 sunt
344 2071 388 2112 aut
399 2063 467 2113 mala
478 2063 666 2121 emendatione,
683 2063 760 2130 longe
772 2070 856 2114 tamen
870 2065 982 2128 reliquos
995 2067 1140 2130 integritate

124 2141 252 2198 superant.
288 2132 327 2182 Ex
343 2132 385 2181 his
402 2139 440 2181 est
455 2132 511 2182 cod.
529 2131 737 2193 Mediolanensis,
752 2147 828 2194 quem
842 2133 972 2183 Fickertus
987 2135 1074 2184 statuit
1088 2148 1140 2184 non

125 2216 182 2252 esse
199 2209 257 2266 post
274 2201 387 2250 seculum
403 2199 447 2251 IX.
462 2201 597 2265 scripturn:
616 2201 726 2250 continet
739 2199 902 2267 Dialogcrurn
914 2201 992 2253 libros
1001 2201 1055 2252 ΧΗ.
1067 2203 1139 2252 item-

126 2287 175 2333 que
199 2269 326 2334 Epistolas
348 2268 421 2320 Pauli
442 2271 475 2320 ad
492 2267 613 2319 Senecam
632 2275 656 2318 et
673 2267 783 2320 Senecae
801 2271 834 2320 ed
854 2271 973 2330 Paulum3
997 2273 1141 2336 scripturae

126 2339 322 2403 discrepantiam
347 2340 373 2387 iu
396 2337 504 2388 Fessleri
522 2353 596 2387 usum
621 2337 756 2403 diligenter
773 2354 789 2387 a
807 2339 906 2390 duobus
924 2339 994 2390 ltalia
1012 2347 1139 2390 enotatam

125 2408 223 2472 primus
239 2407 369 2456 Fickertus
386 2408 480 2471 publici
498 2409 561 2456 iuris
575 2407 645 2461 iecit.
678 2409 728 2456 Par
743 2409 821 2458 virtus
835 2416 874 2458 est
887 2409 982 2459 codicis
996 2407 1139 2466 Nuceriam,

126 2477 170 2538 qui
192 2484 327 2540 postquam
345 2491 361 2524 a
385 2475 490 2525 Cratero
514 2483 650 2541 usurpatus
673 2483 725 2536 est,
750 2491 800 2526 non
819 2478 971 2543 comparuit3
996 2477 1139 2527 continebat

125 2545 203 2594 libros
226 2545 258 2594 de
280 2543 413 2594 Beneficiis
437 2552 461 2592 et
485 2543 517 2592 de
540 2543 689 2603 Clementia;
712 2545 747 2595 ad
768 2554 910 2596 accuratam
928 2545 1087 2596 collationem
1113 2547 1140 2594 in

125 2613 189 2662 libro
211 2612 392 2662 Mediolanensi
415 2614 513 2676 aliqua,
536 2614 561 2660 in
584 2613 722 2662 Nazariano
745 2613 825 2663 multa
846 2614 1034 2674 desiderantur,
1057 2629 1140 2676 neque

124 2690 209 2731 tamen
226 2681 330 2731 dubium
343 2691 394 2742 est,
411 2683 472 2744 quin
484 2696 546 2745 prae
561 2682 661 2732 illorum
675 2683 820 2732 auctoritate
834 2681 926 2746 reliqui
940 2683 1040 2733 codices
1052 2697 1141 2732 omnes

127 2751 200 2813 parvi
214 2751 363 2800 aestimandi
381 2752 445 2810 sint,
471 2751 566 2814 quippe
584 2751 628 2813 qui
648 2752 674 2800 in
690 2750 753 2800 locis
770 2753 896 2817 corruptis
912 2751 975 2801 nibil
991 2751 1140 2816 plerumque

60 2869 63 2878 Ι
125 2819 235 2868 habeant
249 2819 299 2867 nisi
315 2819 377 2868 vitia
395 2834 427 2868 ex
443 2817 543 2868 illorum
563 2820 629 2868 vitiis
648 2827 707 2869 nata
725 2821 903 2870 nutritiorum
921 2821 1088 2868 correctiones
1103 2821 1140 2868 vi-

125 2889 213 2936 tiosas.
249 2887 331 2949 Atque
347 2887 560 2937 Mediolanensem
575 2888 690 2949 codicem¹
702 2888 776 2938 etiam
789 2889 814 2938 ln
827 2905 857 2939 ec
873 2894 973 2936 secutus
988 2902 1053 2946 sum,
1071 2888 1140 2950 quod

127 2970 191 3018 quos
210 2954 252 3004 ille
264 2955 429 3021 Dialcgorum
443 2957 543 3005 nominc
557 2955 635 3006 libros
647 2957 702 3006 Xll.
717 2956 918 3021 comprehendit,
936 2957 1025 3006 eodem
1037 2956 1140 3005 nomine

127 3031 152 3073 et
168 3025 256 3074 ordine
271 3025 405 3083 coniunxi;
430 3040 489 3074 nam
507 3025 555 3074 etsi
570 3027 694 3090 ampliora
711 3026 786 3074 etiam
805 3025 899 3088 scripta
916 3025 948 3074 de
965 3024 1097 3074 Beneficiis
1116 3031 1141 3074 et

127 3093 183 3142 Nat.
200 3093 312 3152 Quaestt.
329 3101 353 3142 et
371 3093 512 3159 imperfecti
531 3094 563 3144 de
578 3093 716 3144 Clementia
733 3093 789 3143 libri
806 3100 922 3157 poterant
938 3095 994 3157 pari
1012 3095 1067 3143 iure
1085 3093 1141 3142 dia-

126 3161 178 3226 logi
203 3161 324 3226 appellari
344 3170 420 3224 utque
442 3164 499 3226 ipse
519 3163 594 3211 etiam
619 3161 714 3213 Seneca
732 3162 809 3211 libros
827 3162 859 3211 de
875 3161 972 3212 Bensll.
992 3163 1141 3212 eonomine

125 3230 252 3295 appellat,
268 3257 304 3270 -
319 3231 371 3280 vid.
388 3231 432 3282 lib.
447 3232 479 3290 V,
498 3247 519 3279 c.
530 3229 571 3289 19,
590 3229 615 3280 8.
632 3257 681 3290 —,
699 3230 766 3280 nulla
779 3241 863 3280 tamen
876 3245 953 3281 eausa
966 3239 1013 3290 est,
1033 3245 1077 3280 eur
1090 3245 1140 3279 nen

126 3299 221 3349 codicis
239 3298 310 3350 illius
327 3300 471 3349 testimonio
488 3299 554 3348 hanc
571 3299 647 3349 iidem
661 3300 814 3364 habeamus,
834 3306 861 3349 ut
875 3301 926 3349 iam
940 3301 1078 3363 antiquitus
1092 3299 1141 3347 hcc

127 3369 200 3430 qnasi
216 3383 308 3432 corpus
330 3367 491 3433 dialogorum
508 3368 634 3418 exstitisse
652 3368 797 3426 credamus,
820 3370 969 3433 pracsertim
986 3384 1043 3418 cum
1063 3367 1141 3426 Quin-

125 3436 228 3486 tilianus
241 3437 273 3496 X,
289 3437 314 3498 l,
328 3435 389 3488 129.
409 3437 526 3501 dialogos
539 3445 673 3496 memoret;
693 3453 723 3486 ac
737 3439 819 3501 potuit
832 3435 857 3487 id
871 3439 921 3487 iam
936 3439 967 3487 ab
979 3439 1036 3503 ipso
1046 3434 1142 3484 Seneca

126 3506 164 3554 sic
185 3507 294 3564 institui;
319 3505 382 3555 nihil
400 3507 465 3556 enim
488 3521 518 3554 eo
544 3506 697 3568 continetur,
723 3507 792 3568 quod
815 3507 847 3556 ud
868 3515 1011 3572 postremos
1030 3505 1142 3556 Senecas

125 3587 207 3624 annos
228 3575 384 3640 Neronisquc
404 3575 536 3640 imperium
553 3575 684 3640 pertineat.
722 3574 837 3624 Ceterum
858 3590 908 3625 non
926 3589 989 3639 opus
1008 3581 1045 3624 est
1063 3585 1142 3636 expo·
