2554 3888
325 223 379 283 nn
403 222 588 285 sennium
606 223 659 284 os
680 223 777 286 orio.
798 199 895 288 Η·
1033 224 1096 320 tor

111 389 251 442 naturam
267 378 386 438 vivere:
408 383 546 438 natura
566 393 636 438 nos
658 378 702 438 ad
724 385 927 454 utrumque
947 379 1093 454 genuit,

111 471 151 524 et
172 461 498 537 contemplationi
518 477 643 521 rerum
658 468 694 521 et
709 462 864 522 actioni.
906 468 971 536 [³2]
992 463 1097 523 Nune

108 551 273 626 primum
297 544 519 620 probemus,
555 547 657 620 quod
683 543 791 620 prius
818 547 1094 621 praediximus,

113 631 193 706 Quid
214 635 331 705 porro?
357 628 418 688 hoc
437 645 499 689 non
520 628 577 688 erit
592 629 767 704 probatum,
789 629 815 688 si
830 643 866 689 se
880 631 1095 706 unusquisque

113 713 317 784 consuluerit,
341 719 484 787 quantam
504 710 679 788 cupidinem
693 713 804 773 habeat
819 713 923 788 ignota
937 715 1094 788 noscendi,

113 813 208 874 quarn
228 797 269 857 ad
288 797 387 860 omnis
409 797 528 858 tabulas
549 799 718 857 exciteturt
750 797 901 872 Navigant
921 796 1045 872 quidam
1065 805 1127 862 ett

112 881 237 942 labores
251 879 506 956 peregrinationis
527 881 725 954 longissimae
744 895 806 942 una
825 881 967 941 mercede
986 897 1094 958 perpe·

113 965 228 1027 tiuntur
248 964 458 1040 cognoscendi
478 963 593 1040 aliquid
615 965 749 1025 abditum
768 972 990 1040 remotumque.
1018 965 1095 1025 haec

112 1065 165 1110 res
180 1049 220 1109 ad
236 1049 413 1124 spectacula
428 1048 562 1122 populos
576 1047 735 1120 contrahit,
750 1048 828 1109 haec
840 1047 922 1124 cogit
933 1050 1096 1123 praeclusa

111 1133 226 1206 rimari,
242 1131 409 1193 secretiora
421 1131 593 1206 exquirere,
608 1132 803 1206 antiquitates
818 1134 976 1205 evolvere,
993 1149 1095 1194 mores

112 1217 312 1278 barbamrum
324 1213 430 1277 audire
444 1217 588 1290 gentium.
611 1215 770 1276 Curiosum
785 1215 875 1277 nobis
890 1223 998 1276 natura
1012 1217 1125 1291 inge-3

113 1301 197 1362 nium
221 1300 305 1361 dedit
328 1307 359 1360 et
380 1299 454 1360 artis
475 1299 534 1359 sibi
555 1313 591 1358 ac
615 1298 848 1374 pulchritudinis
874 1315 950 1359 suae
971 1301 1097 1360 conseia

114 1391 308 1460 spectatores
329 1399 387 1444 nos
408 1383 499 1444 tantis
522 1397 624 1442 rerum
643 1379 830 1458 spectaculis
850 1381 967 1458 genuit,
993 1383 1094 1458 perdi·

112 1476 182 1528 tura
197 1469 327 1529 fructum
343 1468 406 1540 sui,
424 1467 451 1528 si
465 1475 526 1528 tam
541 1481 651 1541 magna
661 1474 745 1537 ,uam
759 1467 856 1541 clara,
872 1472 932 1526 tam
948 1467 1098 1526 subtiliter

112 1553 222 1626 ducta,
247 1560 307 1612 tam
331 1551 426 1612 nitide
446 1557 476 1610 et
497 1567 558 1612 non
579 1565 641 1610 uno
656 1565 770 1624 genere
784 1551 921 1611 formosa
940 1549 1096 1611 solitudini

114 1637 300 1702 ostenderet.
328 1635 369 1694 Ut
383 1634 465 1695 scias
485 1634 565 1694 illam
581 1634 713 1709 spectari
726 1635 878 1709 voluisse,
904 1650 966 1695 non
980 1641 1126 1696 tantuma

113 1721 251 1796 adspiei,
275 1719 345 1779 vide
364 1734 455 1794 quem
476 1719 567 1778 nobis
586 1719 687 1778 loeum
708 1718 841 1778 dederim
862 1718 894 1780 in
914 1717 1015 1778 media
1036 1731 1096 1778 nos

113 1805 163 1866 sui
179 1811 267 1880 parte
277 1803 433 1864 constituit
444 1809 474 1862 et
486 1802 741 1878 circumspectum
753 1801 887 1862 omnium
899 1801 988 1864 nobis
1001 1799 1095 1862 dedit.

113 1904 172 1950 nee
187 1888 285 1948 erexit
298 1887 508 1948 tantummodo
523 1885 684 1960 hominem,
700 1885 757 1945 sed
772 1887 861 1944 etiam
875 1885 1006 1944 habilem
1023 1900 1095 1944 con-

73 2039 74 2044 *
113 1973 340 2054 templationem
356 1971 483 2044 lactura,
499 1977 531 2030 ut
544 1970 583 2030 ab
598 1976 665 2031 ortu
681 1969 782 2030 sidera
793 1968 823 2028 in
836 1983 980 2029 occasum
991 1968 1095 2027 laben·

112 2059 154 2118 tia
170 2056 318 2132 prosequi
337 2061 443 2130 posset
457 2061 487 2115 et
500 2055 616 2116 voltum
630 2069 718 2114 suum
734 2053 927 2114 circumferre
943 2068 1011 2112 cnm
1021 2058 1096 2125 toto,

114 2140 247 2202 sublime
272 2138 343 2198 lecit
366 2139 408 2214 illi
429 2145 570 2214 caputet
589 2138 669 2198 collo
690 2136 785 2196 llexili
810 2137 955 2212 inposuit.
984 2135 1096 2196 deinde

113 2241 191 2286 seno
206 2237 262 2298 per
276 2222 372 2293 diem,
395 2237 471 2282 sena
487 2237 542 2296 per
556 2229 676 2284 noctem
692 2221 781 2295 signa
794 2222 968 2296 perducens
984 2221 1096 2279 nullam
1202 2251 1206 2256 -

113 2325 175 2368 non
200 2316 317 2381 partem
338 2308 386 2366 sui
408 2306 569 2380 explicuit,
594 2311 628 2366 ut
645 2321 700 2380 per
719 2305 811 2380 haec,
837 2320 916 2380 quae
936 2303 1095 2376 obtulerat,

113 2390 215 2454 oculis
241 2391 308 2452 eius
336 2389 531 2468 cupiditatem
556 2391 671 2450 laceret
702 2389 792 2448 etiam
817 2397 996 2448 ceterorum.
1034 2387 1126 2452 Nece

113 2477 196 2536 enim
220 2477 323 2534 omnia
347 2490 403 2534 nec
426 2481 508 2534 tanta
530 2473 659 2534 visimus
682 2479 796 2548 quanta
818 2478 903 2544 sunt,
931 2471 988 2530 sed
1012 2469 1095 2538 acies

114 2567 221 2620 nostra
235 2559 333 2634 aperit
349 2557 409 2618 sibi
429 2557 632 2632 investigandi
653 2556 732 2615 viam
753 2562 783 2616 et
803 2554 999 2615 fundamenta
1022 2567 1096 2612 vero

114 2643 202 2715 iacit,
224 2651 255 2703 ut
273 2640 430 2718 inquisitio
448 2647 584 2702 transeat
603 2655 642 2699 ex
663 2639 777 2715 apertis
797 2639 828 2698 in
849 2637 982 2698 obseura
999 2643 1030 2696 et
1042 2635 1096 2694 ali·

114 2727 191 2804 quid
211 2725 280 2801 ipso
302 2725 415 2786 mundo
434 2725 568 2785 inveniat
587 2724 756 2799 antiquius,
781 2721 864 2782 unde
887 2721 946 2780 ista
972 2719 1097 2796 [sidera]

114 2810 256 2872 exierint.
286 2811 356 2886 quis
373 2807 462 2870 luerit
475 2808 611 2869 universi
625 2815 737 2882 status,
752 2813 915 2881 antequam
931 2803 1051 2878 singula
1065 2802 1096 2862 in

116 2902 221 2970 partes
236 2894 440 2954 discederent.
472 2909 551 2968 qune
570 2892 648 2952 ratio
663 2907 765 2952 mersa
780 2897 810 2950 et
825 2892 953 2951 contusa
969 2887 1096 2948 diduxe-

114 2979 163 3039 rit.
194 2979 264 3054 quis
285 2979 354 3038 loca
372 2977 465 3038 rebus
485 2975 700 3052 adsignaverit.
736 2981 846 3050 suapte
866 2981 973 3034 natura
991 2971 1098 3048 gravia

115 3062 340 3134 descenderint,
352 3059 541 3122 evolaverint
552 3059 641 3133 levia,
653 3075 692 3119 an
703 3065 824 3134 praeter
836 3059 935 3118 nisum
948 3056 1096 3131 [pondus]

115 3159 280 3221 corporum
296 3146 385 3206 altior
399 3145 502 3220 aliqua
516 3144 564 3204 vis
579 3145 677 3218 legem
691 3142 819 3218 singulis
835 3140 953 3202 dixerit.
969 3156 1007 3199 an
1022 3139 1097 3200 illud

115 3245 222 3290 verum
238 3229 287 3302 sit,
303 3245 365 3304 quo
380 3228 512 3288 maxime
529 3227 676 3303 probatur
689 3225 828 3286 homines
844 3225 938 3284 divini
949 3239 1021 3284 esse
1033 3221 1096 3298 spi-

114 3313 208 3384 ritus,
236 3317 352 3388 partem
376 3328 412 3372 ac
431 3312 525 3372 veluti
547 3311 694 3372 scintillas
718 3311 866 3385 quasdam
890 3321 1046 3368 sacrorum
1066 3306 1096 3364 in

115 3404 227 3456 terram
252 3397 411 3457 resiluisse
436 3404 528 3471 atque
550 3397 649 3455 alieno
675 3395 744 3456 loco
770 3391 919 3453 haesisse.
949 3389 1127 3462 cogitatlod

114 3486 224 3543 nostra
249 3481 327 3540 coeli
350 3479 536 3540 munimenta
560 3479 727 3556 perrumpit
751 3492 808 3536 nec
827 3479 969 3536 contenta
988 3477 1036 3532 est
1056 3469 1115 3544 id‚'
