<?xml version="1.0" encoding="UTF-8"?>
<!DOCTYPE html PUBLIC "-//W3C//DTD XHTML 1.0 Transitional//EN"
    "http://www.w3.org/TR/xhtml1/DTD/xhtml1-transitional.dtd">
<html xmlns="http://www.w3.org/1999/xhtml" xml:lang="en" lang="en">
 <head>
  <title>
</title>
<meta http-equiv="Content-Type" content="text/html;charset=utf-8" />
  <meta name='ocr-system' content='tesseract 3.04.00' />
  <meta name='ocr-capabilities' content='ocr_page ocr_carea ocr_par ocr_line ocrx_word'/>
</head>
<body>
  <div class='ocr_page' id='page_1' title='image "./operaquaesupers00senegoog_0075.png"; bbox 0 0 2522 3906; ppageno 0'>
   <div class='ocr_carea' id='block_1_1' title="bbox 159 237 853 330">
    <p class='ocr_par' dir='ltr' id='par_1_1' title="bbox 159 237 853 330">
     <span class='ocr_line' id='line_1_1' title="bbox 159 237 853 330; baseline -0.01 -25"><span class='ocrx_word' id='word_1_1' title='bbox 159 239 202 306; x_wconf 78' lang='lat' dir='ltr'><strong>ee</strong></span> <span class='ocrx_word' id='word_1_2' title='bbox 385 325 388 330; x_wconf 14' lang='grc' dir='ltr'>Ι</span> <span class='ocrx_word' id='word_1_3' title='bbox 448 239 652 300; x_wconf 75' lang='grc'><strong>1111111111</strong></span> <span class='ocrx_word' id='word_1_4' title='bbox 677 237 853 299; x_wconf 77' lang='lat' dir='ltr'><strong>sunnone</strong></span> 
     </span>
    </p>
   </div>
   <div class='ocr_carea' id='block_1_2' title="bbox 132 387 1179 3566">
    <p class='ocr_par' dir='ltr' id='par_1_2' title="bbox 132 387 1179 3566">
     <span class='ocr_line' id='line_1_2' title="bbox 162 387 1144 468; baseline -0.005 -14"><span class='ocrx_word' id='word_1_5' title='bbox 162 393 246 468; x_wconf 91' lang='lat' dir='ltr'><strong>quod</strong></span> <span class='ocrx_word' id='word_1_6' title='bbox 267 407 327 452; x_wconf 93' lang='lat' dir='ltr'><strong>non</strong></span> <span class='ocrx_word' id='word_1_7' title='bbox 351 390 484 451; x_wconf 89' lang='lat' dir='ltr'><strong>bumana</strong></span> <span class='ocrx_word' id='word_1_8' title='bbox 503 405 590 450; x_wconf 90' lang='lat' dir='ltr'><strong>mens</strong></span> <span class='ocrx_word' id='word_1_9' title='bbox 612 389 713 449; x_wconf 89' lang='lat' dir='ltr'><strong>vincat</strong></span> <span class='ocrx_word' id='word_1_10' title='bbox 729 397 759 450; x_wconf 91' lang='lat' dir='ltr'><strong>et</strong></span> <span class='ocrx_word' id='word_1_11' title='bbox 776 389 806 448; x_wconf 94' lang='grc'><strong>111</strong></span> <span class='ocrx_word' id='word_1_12' title='bbox 824 387 1055 450; x_wconf 76' lang='lat' dir='ltr'><strong>familiaritatem</strong></span> <span class='ocrx_word' id='word_1_13' title='bbox 1074 406 1144 466; x_wconf 90' lang='lat' dir='ltr'><strong>per-</strong></span> 
     </span>
     <span class='ocr_line' id='line_1_3' title="bbox 161 473 1144 548; baseline -0.001 -13"><span class='ocrx_word' id='word_1_14' title='bbox 161 477 254 536; x_wconf 88' lang='lat' dir='ltr'><strong>ducat</strong></span> <span class='ocrx_word' id='word_1_15' title='bbox 268 475 399 536; x_wconf 85' lang='lat' dir='ltr'><strong>adsidua</strong></span> <span class='ocrx_word' id='word_1_16' title='bbox 412 473 583 548; x_wconf 83' lang='lat' dir='ltr'><strong>meditatio,</strong></span> <span class='ocrx_word' id='word_1_17' title='bbox 604 473 739 548; x_wconf 91' lang='lat' dir='ltr'><strong>nullique</strong></span> <span class='ocrx_word' id='word_1_18' title='bbox 754 478 825 533; x_wconf 89' lang='lat' dir='ltr'><strong>sunt</strong></span> <span class='ocrx_word' id='word_1_19' title='bbox 844 479 904 534; x_wconf 90' lang='lat' dir='ltr'><strong>tam</strong></span> <span class='ocrx_word' id='word_1_20' title='bbox 921 473 977 534; x_wconf 87' lang='lat' dir='ltr'><strong>leri</strong></span> <span class='ocrx_word' id='word_1_21' title='bbox 992 473 1144 535; x_wconf 79' lang='grc'><strong>111111111-</strong></span> 
     </span>
     <span class='ocr_line' id='line_1_4' title="bbox 132 556 1146 634; baseline -0.001 -16"><span class='ocrx_word' id='word_1_22' title='bbox 132 559 203 619; x_wconf 81' lang='grc'><strong>1111</strong></span> <span class='ocrx_word' id='word_1_23' title='bbox 219 559 368 632; x_wconf 87' lang='lat' dir='ltr'><strong>adiectus,</strong></span> <span class='ocrx_word' id='word_1_24' title='bbox 383 565 487 619; x_wconf 92' lang='lat' dir='ltr'><strong>utnon</strong></span> <span class='ocrx_word' id='word_1_25' title='bbox 500 557 662 632; x_wconf 82' lang='lat' dir='ltr'><strong>disciplina</strong></span> <span class='ocrx_word' id='word_1_26' title='bbox 673 556 899 631; x_wconf 84' lang='lat' dir='ltr'><strong>perdomemur.</strong></span> <span class='ocrx_word' id='word_1_27' title='bbox 922 557 1146 634; x_wconf 78' lang='lat' dir='ltr'><strong>Quodcumque</strong></span> 
     </span>
     <span class='ocr_line' id='line_1_5' title="bbox 162 639 1145 718; baseline 0 -16"><span class='ocrx_word' id='word_1_28' title='bbox 162 643 221 702; x_wconf 93' lang='lat' dir='ltr'><strong>sibi</strong></span> <span class='ocrx_word' id='word_1_29' title='bbox 235 641 396 718; x_wconf 89' lang='lat' dir='ltr'><strong>imperavit</strong></span> <span class='ocrx_word' id='word_1_30' title='bbox 411 641 530 702; x_wconf 89' lang='lat' dir='ltr'><strong>animus</strong></span> <span class='ocrx_word' id='word_1_31' title='bbox 545 641 687 702; x_wconf 80' lang='lat' dir='ltr'><strong>obtinuit:</strong></span> <span class='ocrx_word' id='word_1_32' title='bbox 713 640 837 716; x_wconf 90' lang='lat' dir='ltr'><strong>quidam</strong></span> <span class='ocrx_word' id='word_1_33' title='bbox 852 656 892 700; x_wconf 88' lang='lat' dir='ltr'><strong>ne</strong></span> <span class='ocrx_word' id='word_1_34' title='bbox 904 657 1049 716; x_wconf 88' lang='lat' dir='ltr'><strong>umquam</strong></span> <span class='ocrx_word' id='word_1_35' title='bbox 1063 639 1145 702; x_wconf 77' lang='lat' dir='ltr'><strong>ride</strong></span> 
     </span>
     <span class='ocr_line' id='line_1_6' title="bbox 161 723 1146 801; baseline -0.004 -14"><span class='ocrx_word' id='word_1_36' title='bbox 161 733 230 787; x_wconf 91' lang='lat' dir='ltr'><strong>rent</strong></span> <span class='ocrx_word' id='word_1_37' title='bbox 246 727 403 787; x_wconf 78' lang='lat' dir='ltr'><strong>consecuti</strong></span> <span class='ocrx_word' id='word_1_38' title='bbox 424 733 504 786; x_wconf 87' lang='lat' dir='ltr'><strong>sunt.</strong></span> <span class='ocrx_word' id='word_1_39' title='bbox 545 726 616 786; x_wconf 90' lang='lat' dir='ltr'><strong>vino</strong></span> <span class='ocrx_word' id='word_1_40' title='bbox 640 724 778 801; x_wconf 86' lang='lat' dir='ltr'><strong>quidam,</strong></span> <span class='ocrx_word' id='word_1_41' title='bbox 803 723 853 784; x_wconf 86' lang='lat' dir='ltr'><strong>alii</strong></span> <span class='ocrx_word' id='word_1_42' title='bbox 866 725 1003 798; x_wconf 89' lang='lat' dir='ltr'><strong>Venere,</strong></span> <span class='ocrx_word' id='word_1_43' title='bbox 1020 725 1146 800; x_wconf 86' lang='lat' dir='ltr'><strong>quidam</strong></span> 
     </span>
     <span class='ocr_line' id='line_1_7' title="bbox 163 807 1146 884; baseline -0.002 -14"><span class='ocrx_word' id='word_1_44' title='bbox 163 811 245 872; x_wconf 90' lang='lat' dir='ltr'><strong>omni</strong></span> <span class='ocrx_word' id='word_1_45' title='bbox 273 811 401 870; x_wconf 91' lang='lat' dir='ltr'><strong>humore</strong></span> <span class='ocrx_word' id='word_1_46' title='bbox 429 808 614 870; x_wconf 85' lang='lat' dir='ltr'><strong>interdixere</strong></span> <span class='ocrx_word' id='word_1_47' title='bbox 639 807 832 884; x_wconf 87' lang='lat' dir='ltr'><strong>corporibus.</strong></span> <span class='ocrx_word' id='word_1_48' title='bbox 875 809 954 868; x_wconf 89' lang='lat' dir='ltr'><strong>alius</strong></span> <span class='ocrx_word' id='word_1_49' title='bbox 984 815 1146 870; x_wconf 90' lang='lat' dir='ltr'><strong>contentus</strong></span> 
     </span>
     <span class='ocr_line' id='line_1_8' title="bbox 163 891 1145 968; baseline -0.003 -13"><span class='ocrx_word' id='word_1_50' title='bbox 163 893 249 955; x_wconf 87' lang='lat' dir='ltr'><strong>brevi</strong></span> <span class='ocrx_word' id='word_1_51' title='bbox 273 909 383 954; x_wconf 88' lang='lat' dir='ltr'><strong>sotnno</strong></span> <span class='ocrx_word' id='word_1_52' title='bbox 402 891 536 968; x_wconf 82' lang='lat' dir='ltr'><strong>vigiliam</strong></span> <span class='ocrx_word' id='word_1_53' title='bbox 562 893 817 967; x_wconf 79' lang='lat' dir='ltr'><strong>indefatigabilem</strong></span> <span class='ocrx_word' id='word_1_54' title='bbox 843 893 987 962; x_wconf 87' lang='lat' dir='ltr'><strong>extendit.</strong></span> <span class='ocrx_word' id='word_1_55' title='bbox 1030 893 1145 952; x_wconf 90' lang='lat' dir='ltr'><strong>didice-</strong></span> 
     </span>
     <span class='ocr_line' id='line_1_9' title="bbox 162 974 1148 1050; baseline -0.002 -14"><span class='ocrx_word' id='word_1_56' title='bbox 162 984 234 1037; x_wconf 89' lang='lat' dir='ltr'><strong>runt</strong></span> <span class='ocrx_word' id='word_1_57' title='bbox 247 976 434 1038; x_wconf 86' lang='lat' dir='ltr'><strong>tenuissimis</strong></span> <span class='ocrx_word' id='word_1_58' title='bbox 455 984 485 1038; x_wconf 91' lang='lat' dir='ltr'><strong>et</strong></span> <span class='ocrx_word' id='word_1_59' title='bbox 504 977 645 1038; x_wconf 89' lang='lat' dir='ltr'><strong>adversis</strong></span> <span class='ocrx_word' id='word_1_60' title='bbox 667 976 791 1036; x_wconf 87' lang='lat' dir='ltr'><strong>lunibus</strong></span> <span class='ocrx_word' id='word_1_61' title='bbox 812 991 935 1035; x_wconf 88' lang='lat' dir='ltr'><strong>currere</strong></span> <span class='ocrx_word' id='word_1_62' title='bbox 958 983 988 1035; x_wconf 87' lang='lat' dir='ltr'><strong>et</strong></span> <span class='ocrx_word' id='word_1_63' title='bbox 1012 974 1148 1050; x_wconf 82' lang='lat' dir='ltr'><strong>ingentia</strong></span> 
     </span>
     <span class='ocr_line' id='line_1_10' title="bbox 164 1059 1147 1136; baseline -0.003 -16"><span class='ocrx_word' id='word_1_64' title='bbox 164 1062 278 1135; x_wconf 88' lang='lat' dir='ltr'><strong>vixque</strong></span> <span class='ocrx_word' id='word_1_65' title='bbox 290 1060 431 1122; x_wconf 90' lang='lat' dir='ltr'><strong>humanis</strong></span> <span class='ocrx_word' id='word_1_66' title='bbox 446 1062 606 1121; x_wconf 89' lang='lat' dir='ltr'><strong>toleranda</strong></span> <span class='ocrx_word' id='word_1_67' title='bbox 621 1059 736 1120; x_wconf 87' lang='lat' dir='ltr'><strong>viribus</strong></span> <span class='ocrx_word' id='word_1_68' title='bbox 758 1075 852 1119; x_wconf 89' lang='lat' dir='ltr'><strong>onera</strong></span> <span class='ocrx_word' id='word_1_69' title='bbox 869 1067 990 1136; x_wconf 86' lang='lat' dir='ltr'><strong>portare</strong></span> <span class='ocrx_word' id='word_1_70' title='bbox 1005 1067 1035 1120; x_wconf 88' lang='lat' dir='ltr'><strong>et</strong></span> <span class='ocrx_word' id='word_1_71' title='bbox 1055 1060 1085 1118; x_wconf 91' lang='lat' dir='ltr'><strong>in</strong></span> <span class='ocrx_word' id='word_1_72' title='bbox 1101 1059 1147 1118; x_wconf 87' lang='lat' dir='ltr'><strong>in-·</strong></span> 
     </span>
     <span class='ocr_line' id='line_1_11' title="bbox 164 1141 1148 1219; baseline -0.002 -15"><span class='ocrx_word' id='word_1_73' title='bbox 164 1161 302 1204; x_wconf 84' lang='lat' dir='ltr'><strong>mensam</strong></span> <span class='ocrx_word' id='word_1_74' title='bbox 324 1144 511 1206; x_wconf 88' lang='lat' dir='ltr'><strong>altitudinem</strong></span> <span class='ocrx_word' id='word_1_75' title='bbox 531 1146 626 1219; x_wconf 85' lang='lat' dir='ltr'><strong>mergi</strong></span> <span class='ocrx_word' id='word_1_76' title='bbox 647 1160 683 1204; x_wconf 91' lang='lat' dir='ltr'><strong>ac</strong></span> <span class='ocrx_word' id='word_1_77' title='bbox 704 1145 771 1204; x_wconf 92' lang='lat' dir='ltr'><strong>sine</strong></span> <span class='ocrx_word' id='word_1_78' title='bbox 795 1144 857 1203; x_wconf 92' lang='lat' dir='ltr'><strong>ulla</strong></span> <span class='ocrx_word' id='word_1_79' title='bbox 881 1141 1054 1218; x_wconf 90' lang='lat' dir='ltr'><strong>respirandi</strong></span> <span class='ocrx_word' id='word_1_80' title='bbox 1080 1144 1148 1202; x_wconf 90' lang='lat' dir='ltr'><strong>vice</strong></span> 
     </span>
     <span class='ocr_line' id='line_1_12' title="bbox 138 1225 1147 1304; baseline -0.002 -17"><span class='ocrx_word' id='word_1_81' title='bbox 138 1229 283 1304; x_wconf 87' lang='lat' dir='ltr'><strong>5perpeti</strong></span> <span class='ocrx_word' id='word_1_82' title='bbox 295 1229 404 1288; x_wconf 83' lang='lat' dir='ltr'><strong>maria=</strong></span> <span class='ocrx_word' id='word_1_83' title='bbox 419 1229 500 1288; x_wconf 93' lang='lat' dir='ltr'><strong>mille</strong></span> <span class='ocrx_word' id='word_1_84' title='bbox 511 1238 582 1290; x_wconf 91' lang='lat' dir='ltr'><strong>sunt</strong></span> <span class='ocrx_word' id='word_1_85' title='bbox 593 1228 661 1304; x_wconf 88' lang='lat' dir='ltr'><strong>elia,</strong></span> <span class='ocrx_word' id='word_1_86' title='bbox 676 1228 705 1287; x_wconf 92' lang='lat' dir='ltr'><strong>in</strong></span> <span class='ocrx_word' id='word_1_87' title='bbox 722 1227 832 1302; x_wconf 90' lang='lat' dir='ltr'><strong>quibus</strong></span> <span class='ocrx_word' id='word_1_88' title='bbox 847 1228 1014 1302; x_wconf 88' lang='lat' dir='ltr'><strong>pertinacia</strong></span> <span class='ocrx_word' id='word_1_89' title='bbox 1027 1225 1147 1301; x_wconf 89' lang='lat' dir='ltr'><strong>inpedi-</strong></span> 
     </span>
     <span class='ocr_line' id='line_1_13' title="bbox 165 1311 1148 1385; baseline -0.004 -13"><span class='ocrx_word' id='word_1_90' title='bbox 165 1319 298 1373; x_wconf 88' lang='lat' dir='ltr'><strong>mentum</strong></span> <span class='ocrx_word' id='word_1_91' title='bbox 314 1328 404 1372; x_wconf 90' lang='lat' dir='ltr'><strong>omne</strong></span> <span class='ocrx_word' id='word_1_92' title='bbox 417 1313 623 1373; x_wconf 89' lang='lat' dir='ltr'><strong>transscendit</strong></span> <span class='ocrx_word' id='word_1_93' title='bbox 637 1311 832 1385; x_wconf 89' lang='lat' dir='ltr'><strong>ostenditque</strong></span> <span class='ocrx_word' id='word_1_94' title='bbox 847 1311 920 1370; x_wconf 90' lang='lat' dir='ltr'><strong>nibil</strong></span> <span class='ocrx_word' id='word_1_95' title='bbox 934 1327 1005 1371; x_wconf 84' lang='lat' dir='ltr'><strong>esse</strong></span> <span class='ocrx_word' id='word_1_96' title='bbox 1022 1311 1148 1370; x_wconf 87' lang='lat' dir='ltr'><strong>dililcile</strong></span> 
     </span>
     <span class='ocr_line' id='line_1_14' title="bbox 166 1395 1148 1472; baseline -0.001 -18"><span class='ocrx_word' id='word_1_97' title='bbox 166 1396 253 1457; x_wconf 90' lang='lat' dir='ltr'><strong>cuius</strong></span> <span class='ocrx_word' id='word_1_98' title='bbox 279 1396 337 1456; x_wconf 92' lang='lat' dir='ltr'><strong>sibi</strong></span> <span class='ocrx_word' id='word_1_99' title='bbox 362 1397 431 1472; x_wconf 88' lang='lat' dir='ltr'><strong>ipsa</strong></span> <span class='ocrx_word' id='word_1_100' title='bbox 456 1412 542 1456; x_wconf 92' lang='lat' dir='ltr'><strong>mens</strong></span> <span class='ocrx_word' id='word_1_101' title='bbox 568 1397 740 1472; x_wconf 88' lang='lat' dir='ltr'><strong>patientiam</strong></span> <span class='ocrx_word' id='word_1_102' title='bbox 766 1395 922 1454; x_wconf 91' lang='lat' dir='ltr'><strong>indiceret.</strong></span> <span class='ocrx_word' id='word_1_103' title='bbox 968 1395 1039 1469; x_wconf 87' lang='lat' dir='ltr'><strong>lstis</strong></span> <span class='ocrx_word' id='word_1_104' title='bbox 1066 1408 1148 1468; x_wconf 90' lang='lat' dir='ltr'><strong>quos</strong></span> 
     </span>
     <span class='ocr_line' id='line_1_15' title="bbox 165 1478 1145 1554; baseline -0.002 -16"><span class='ocrx_word' id='word_1_105' title='bbox 165 1482 258 1554; x_wconf 90' lang='lat' dir='ltr'><strong>paulo</strong></span> <span class='ocrx_word' id='word_1_106' title='bbox 274 1487 344 1539; x_wconf 91' lang='lat' dir='ltr'><strong>ante</strong></span> <span class='ocrx_word' id='word_1_107' title='bbox 357 1481 455 1551; x_wconf 89' lang='lat' dir='ltr'><strong>retuli,</strong></span> <span class='ocrx_word' id='word_1_108' title='bbox 470 1487 523 1539; x_wconf 89' lang='lat' dir='ltr'><strong>aut</strong></span> <span class='ocrx_word' id='word_1_109' title='bbox 541 1482 623 1540; x_wconf 86' lang='lat' dir='ltr'><strong>nulla</strong></span> <span class='ocrx_word' id='word_1_110' title='bbox 637 1487 698 1539; x_wconf 89' lang='lat' dir='ltr'><strong>tam</strong></span> <span class='ocrx_word' id='word_1_111' title='bbox 714 1478 877 1553; x_wconf 88' lang='lat' dir='ltr'><strong>pertinacis</strong></span> <span class='ocrx_word' id='word_1_112' title='bbox 898 1479 990 1540; x_wconf 89' lang='lat' dir='ltr'><strong>studii</strong></span> <span class='ocrx_word' id='word_1_113' title='bbox 1010 1485 1062 1538; x_wconf 87' lang='lat' dir='ltr'><strong>aut</strong></span> <span class='ocrx_word' id='word_1_114' title='bbox 1082 1493 1145 1536; x_wconf 90' lang='lat' dir='ltr'><strong>non</strong></span> 
     </span>
     <span class='ocr_line' id='line_1_16' title="bbox 167 1562 1150 1639; baseline -0.002 -17"><span class='ocrx_word' id='word_1_115' title='bbox 167 1563 259 1639; x_wconf 81' lang='lat' dir='ltr'><strong>digna</strong></span> <span class='ocrx_word' id='word_1_116' title='bbox 282 1579 401 1623; x_wconf 87' lang='lat' dir='ltr'><strong>merces</strong></span> <span class='ocrx_word' id='word_1_117' title='bbox 428 1563 490 1622; x_wconf 87' lang='lat' dir='ltr'><strong>luit.</strong></span> <span class='ocrx_word' id='word_1_118' title='bbox 535 1563 609 1637; x_wconf 95' lang='lat' dir='ltr'><strong>quid</strong></span> <span class='ocrx_word' id='word_1_119' title='bbox 634 1562 713 1622; x_wconf 92' lang='lat' dir='ltr'><strong>enim</strong></span> <span class='ocrx_word' id='word_1_120' title='bbox 734 1563 927 1636; x_wconf 86' lang='lat' dir='ltr'><strong>magnificum</strong></span> <span class='ocrx_word' id='word_1_121' title='bbox 949 1562 1150 1638; x_wconf 87' lang='lat' dir='ltr'><strong>consequitur</strong></span> 
     </span>
     <span class='ocr_line' id='line_1_17' title="bbox 166 1646 1149 1722; baseline 0.001 -19"><span class='ocrx_word' id='word_1_122' title='bbox 166 1646 217 1705; x_wconf 90' lang='lat' dir='ltr'><strong>ille</strong></span> <span class='ocrx_word' id='word_1_123' title='bbox 232 1647 291 1720; x_wconf 92' lang='lat' dir='ltr'><strong>qui·</strong></span> <span class='ocrx_word' id='word_1_124' title='bbox 304 1646 466 1706; x_wconf 89' lang='lat' dir='ltr'><strong>meditatus</strong></span> <span class='ocrx_word' id='word_1_125' title='bbox 482 1653 530 1706; x_wconf 88' lang='lat' dir='ltr'><strong>est</strong></span> <span class='ocrx_word' id='word_1_126' title='bbox 543 1661 600 1722; x_wconf 90' lang='lat' dir='ltr'><strong>per</strong></span> <span class='ocrx_word' id='word_1_127' title='bbox 614 1647 747 1708; x_wconf 91' lang='lat' dir='ltr'><strong>intentos</strong></span> <span class='ocrx_word' id='word_1_128' title='bbox 763 1647 851 1706; x_wconf 85' lang='lat' dir='ltr'><strong>tunes</strong></span> <span class='ocrx_word' id='word_1_129' title='bbox 866 1647 931 1706; x_wconf 78' lang='lat' dir='ltr'><strong>iret</strong></span> <span class='ocrx_word' id='word_1_130' title='bbox 946 1647 997 1720; x_wconf 90' lang='lat' dir='ltr'><strong>qui</strong></span> <span class='ocrx_word' id='word_1_131' title='bbox 1009 1646 1149 1706; x_wconf 86' lang='lat' dir='ltr'><strong>sarcinae</strong></span> 
     </span>
     <span class='ocr_line' id='line_1_18' title="bbox 166 1729 1149 1804; baseline 0.001 -18"><span class='ocrx_word' id='word_1_132' title='bbox 166 1729 280 1803; x_wconf 85' lang='lat' dir='ltr'><strong>ingenti</strong></span> <span class='ocrx_word' id='word_1_133' title='bbox 296 1730 433 1789; x_wconf 88' lang='lat' dir='ltr'><strong>cervices</strong></span> <span class='ocrx_word' id='word_1_134' title='bbox 456 1737 655 1804; x_wconf 78' lang='lat' dir='ltr'><strong>supponeree</strong></span> <span class='ocrx_word' id='word_1_135' title='bbox 687 1730 739 1804; x_wconf 91' lang='lat' dir='ltr'><strong>qui</strong></span> <span class='ocrx_word' id='word_1_136' title='bbox 759 1747 868 1790; x_wconf 90' lang='lat' dir='ltr'><strong>somno</strong></span> <span class='ocrx_word' id='word_1_137' title='bbox 890 1745 951 1790; x_wconf 91' lang='lat' dir='ltr'><strong>non</strong></span> <span class='ocrx_word' id='word_1_138' title='bbox 973 1730 1149 1790; x_wconf 88' lang='lat' dir='ltr'><strong>submittere</strong></span> 
     </span>
     <span class='ocr_line' id='line_1_19' title="bbox 168 1811 1149 1891; baseline 0.001 -21"><span class='ocrx_word' id='word_1_139' title='bbox 168 1813 299 1872; x_wconf 65' lang='lat' dir='ltr'><strong>oculose</strong></span> <span class='ocrx_word' id='word_1_140' title='bbox 325 1813 378 1891; x_wconf 87' lang='lat' dir='ltr'><strong>qui</strong></span> <span class='ocrx_word' id='word_1_141' title='bbox 393 1821 554 1887; x_wconf 89' lang='lat' dir='ltr'><strong>penetrare</strong></span> <span class='ocrx_word' id='word_1_142' title='bbox 569 1811 706 1874; x_wconf 94' lang='lat' dir='ltr'><strong>inimum</strong></span> <span class='ocrx_word' id='word_1_143' title='bbox 721 1822 823 1874; x_wconf 80' lang='lat' dir='ltr'><strong>maret</strong></span> <span class='ocrx_word' id='word_1_144' title='bbox 844 1821 874 1873; x_wconf 92' lang='lat' dir='ltr'><strong>et</strong></span> <span class='ocrx_word' id='word_1_145' title='bbox 888 1823 986 1874; x_wconf 89' lang='lat' dir='ltr'><strong>tamen</strong></span> <span class='ocrx_word' id='word_1_146' title='bbox 1002 1815 1040 1872; x_wconf 91' lang='lat' dir='ltr'><strong>ad</strong></span> <span class='ocrx_word' id='word_1_147' title='bbox 1057 1813 1149 1872; x_wconf 86' lang='lat' dir='ltr'><strong>linem</strong></span> 
     </span>
     <span class='ocr_line' id='line_1_20' title="bbox 138 1892 1149 1973; baseline 0 -17"><span class='ocrx_word' id='word_1_148' title='bbox 138 1892 156 1947; x_wconf 82' lang='grc'><strong>6</strong></span> <span class='ocrx_word' id='word_1_149' title='bbox 169 1896 271 1970; x_wconf 88' lang='lat' dir='ltr'><strong>operis</strong></span> <span class='ocrx_word' id='word_1_150' title='bbox 286 1913 348 1956; x_wconf 91' lang='lat' dir='ltr'><strong>non</strong></span> <span class='ocrx_word' id='word_1_151' title='bbox 362 1913 472 1972; x_wconf 82' lang='lat' dir='ltr'><strong>magno</strong></span> <span class='ocrx_word' id='word_1_152' title='bbox 488 1905 716 1958; x_wconf 87' lang='lat' dir='ltr'><strong>auctoramento</strong></span> <span class='ocrx_word' id='word_1_153' title='bbox 734 1899 819 1959; x_wconf 89' lang='lat' dir='ltr'><strong>labor</strong></span> <span class='ocrx_word' id='word_1_154' title='bbox 834 1897 979 1973; x_wconf 88' lang='lat' dir='ltr'><strong>pervenit.</strong></span> <span class='ocrx_word' id='word_1_155' title='bbox 1011 1897 1074 1957; x_wconf 85' lang='lat' dir='ltr'><strong>Nos</strong></span> <span class='ocrx_word' id='word_1_156' title='bbox 1087 1913 1149 1956; x_wconf 88' lang='lat' dir='ltr'><strong>non</strong></span> 
     </span>
     <span class='ocr_line' id='line_1_21' title="bbox 168 1979 1149 2057; baseline -0.001 -17"><span class='ocrx_word' id='word_1_157' title='bbox 168 1979 389 2041; x_wconf 86' lang='lat' dir='ltr'><strong>advocabimus</strong></span> <span class='ocrx_word' id='word_1_158' title='bbox 410 1981 599 2056; x_wconf 89' lang='lat' dir='ltr'><strong>patientiam,</strong></span> <span class='ocrx_word' id='word_1_159' title='bbox 624 1997 703 2057; x_wconf 90' lang='lat' dir='ltr'><strong>quos</strong></span> <span class='ocrx_word' id='word_1_160' title='bbox 725 1989 838 2042; x_wconf 89' lang='lat' dir='ltr'><strong>tantum</strong></span> <span class='ocrx_word' id='word_1_161' title='bbox 856 1981 1021 2056; x_wconf 89' lang='lat' dir='ltr'><strong>praemium</strong></span> <span class='ocrx_word' id='word_1_162' title='bbox 1036 1995 1149 2055; x_wconf 88' lang='lat' dir='ltr'><strong>exspe-</strong></span> 
     </span>
     <span class='ocr_line' id='line_1_22' title="bbox 169 2063 1149 2140; baseline 0 -17"><span class='ocrx_word' id='word_1_163' title='bbox 169 2070 244 2138; x_wconf 87' lang='lat' dir='ltr'><strong>ctat,</strong></span> <span class='ocrx_word' id='word_1_164' title='bbox 264 2063 363 2123; x_wconf 82' lang='lat' dir='ltr'><strong>felicis</strong></span> <span class='ocrx_word' id='word_1_165' title='bbox 378 2063 469 2124; x_wconf 91' lang='lat' dir='ltr'><strong>animi</strong></span> <span class='ocrx_word' id='word_1_166' title='bbox 483 2065 597 2125; x_wconf 91' lang='lat' dir='ltr'><strong>inmota</strong></span> <span class='ocrx_word' id='word_1_167' title='bbox 611 2065 834 2140; x_wconf 79' lang='lat' dir='ltr'><strong>tranquillitase</strong></span> <span class='ocrx_word' id='word_1_168' title='bbox 867 2063 1016 2139; x_wconf 77' lang='lat' dir='ltr'><strong>Quantum</strong></span> <span class='ocrx_word' id='word_1_169' title='bbox 1037 2071 1085 2124; x_wconf 90' lang='lat' dir='ltr'><strong>est</strong></span> <span class='ocrx_word' id='word_1_170' title='bbox 1106 2065 1149 2123; x_wconf 86' lang='lat' dir='ltr'><strong>el-</strong></span> 
     </span>
     <span class='ocr_line' id='line_1_23' title="bbox 168 2147 1150 2223; baseline 0.002 -18"><span class='ocrx_word' id='word_1_171' title='bbox 168 2148 274 2220; x_wconf 85' lang='lat' dir='ltr'><strong>lugere</strong></span> <span class='ocrx_word' id='word_1_172' title='bbox 288 2147 453 2208; x_wconf 89' lang='lat' dir='ltr'><strong>maximum</strong></span> <span class='ocrx_word' id='word_1_173' title='bbox 468 2149 578 2208; x_wconf 89' lang='lat' dir='ltr'><strong>malum</strong></span> <span class='ocrx_word' id='word_1_174' title='bbox 594 2149 668 2208; x_wconf 87' lang='lat' dir='ltr'><strong>iram</strong></span> <span class='ocrx_word' id='word_1_175' title='bbox 688 2157 718 2209; x_wconf 88' lang='lat' dir='ltr'><strong>et</strong></span> <span class='ocrx_word' id='word_1_176' title='bbox 738 2164 806 2208; x_wconf 91' lang='lat' dir='ltr'><strong>cum</strong></span> <span class='ocrx_word' id='word_1_177' title='bbox 826 2150 878 2208; x_wconf 86' lang='lat' dir='ltr'><strong>illa</strong></span> <span class='ocrx_word' id='word_1_178' title='bbox 897 2149 1026 2223; x_wconf 81' lang='lat' dir='ltr'><strong>rabiem,</strong></span> <span class='ocrx_word' id='word_1_179' title='bbox 1049 2148 1150 2208; x_wconf 86' lang='lat' dir='ltr'><strong>saevi-</strong></span> 
     </span>
     <span class='ocr_line' id='line_1_24' title="bbox 167 2230 985 2306; baseline 0 -16"><span class='ocrx_word' id='word_1_180' title='bbox 167 2230 249 2301; x_wconf 90' lang='lat' dir='ltr'><strong>tiam,</strong></span> <span class='ocrx_word' id='word_1_181' title='bbox 270 2230 488 2306; x_wconf 87' lang='lat' dir='ltr'><strong>crudelitatem,</strong></span> <span class='ocrx_word' id='word_1_182' title='bbox 504 2233 646 2306; x_wconf 82' lang='lat' dir='ltr'><strong>furorem,</strong></span> <span class='ocrx_word' id='word_1_183' title='bbox 662 2232 739 2293; x_wconf 90' lang='lat' dir='ltr'><strong>alios</strong></span> <span class='ocrx_word' id='word_1_184' title='bbox 755 2233 881 2292; x_wconf 87' lang='lat' dir='ltr'><strong>comites</strong></span> <span class='ocrx_word' id='word_1_185' title='bbox 894 2232 985 2293; x_wconf 80' lang='lat' dir='ltr'><strong>eiust</strong></span> 
     </span>
     <span class='ocr_line' id='line_1_25' title="bbox 140 2309 1151 2391; baseline 0 -17"><span class='ocrx_word' id='word_1_186' title='bbox 140 2309 157 2362; x_wconf 89' lang='lat' dir='ltr'><strong>l</strong></span> <span class='ocrx_word' id='word_1_187' title='bbox 231 2313 309 2374; x_wconf 88' lang='lat' dir='ltr'><strong>Xlll.</strong></span> <span class='ocrx_word' id='word_1_188' title='bbox 340 2315 490 2376; x_wconf 77' lang='lat' dir='ltr'><strong>Adfectus</strong></span> <span class='ocrx_word' id='word_1_189' title='bbox 506 2316 572 2376; x_wconf 89' lang='lat' dir='ltr'><strong>eius</strong></span> <span class='ocrx_word' id='word_1_190' title='bbox 589 2333 650 2378; x_wconf 92' lang='lat' dir='ltr'><strong>non</strong></span> <span class='ocrx_word' id='word_1_191' title='bbox 671 2324 719 2377; x_wconf 90' lang='lat' dir='ltr'><strong>est</strong></span> <span class='ocrx_word' id='word_1_192' title='bbox 739 2318 824 2391; x_wconf 90' lang='lat' dir='ltr'><strong>quod</strong></span> <span class='ocrx_word' id='word_1_193' title='bbox 840 2317 1042 2390; x_wconf 86' lang='lat' dir='ltr'><strong>patrocinium</strong></span> <span class='ocrx_word' id='word_1_194' title='bbox 1058 2315 1151 2374; x_wconf 86' lang='lat' dir='ltr'><strong>nobis</strong></span> 
     </span>
     <span class='ocr_line' id='line_1_26' title="bbox 170 2397 1158 2474; baseline -0.002 -16"><span class='ocrx_word' id='word_1_195' title='bbox 170 2413 354 2474; x_wconf 90' lang='lat' dir='ltr'><strong>quaeramus</strong></span> <span class='ocrx_word' id='word_1_196' title='bbox 370 2406 400 2459; x_wconf 91' lang='lat' dir='ltr'><strong>et</strong></span> <span class='ocrx_word' id='word_1_197' title='bbox 414 2407 591 2460; x_wconf 88' lang='lat' dir='ltr'><strong>excusatam</strong></span> <span class='ocrx_word' id='word_1_198' title='bbox 606 2401 772 2474; x_wconf 90' lang='lat' dir='ltr'><strong>licentiam,</strong></span> <span class='ocrx_word' id='word_1_199' title='bbox 794 2401 930 2460; x_wconf 90' lang='lat' dir='ltr'><strong>dicentes</strong></span> <span class='ocrx_word' id='word_1_200' title='bbox 954 2407 1006 2458; x_wconf 88' lang='lat' dir='ltr'><strong>aut</strong></span> <span class='ocrx_word' id='word_1_201' title='bbox 1025 2399 1097 2458; x_wconf 89' lang='lat' dir='ltr'><strong>utile</strong></span> <span class='ocrx_word' id='word_1_202' title='bbox 1117 2397 1158 2457; x_wconf 87' lang='lat' dir='ltr'><strong>id</strong></span> 
     </span>
     <span class='ocr_line' id='line_1_27' title="bbox 170 2481 1149 2545; baseline -0.001 -4"><span class='ocrx_word' id='word_1_203' title='bbox 170 2497 241 2541; x_wconf 92' lang='lat' dir='ltr'><strong>esse</strong></span> <span class='ocrx_word' id='word_1_204' title='bbox 255 2489 307 2543; x_wconf 90' lang='lat' dir='ltr'><strong>aut</strong></span> <span class='ocrx_word' id='word_1_205' title='bbox 320 2482 508 2543; x_wconf 67' lang='lat' dir='ltr'><strong>inevitabila</strong></span> <span class='ocrx_word' id='word_1_206' title='bbox 532 2484 580 2545; x_wconf 90' lang='lat' dir='ltr'><strong>cui</strong></span> <span class='ocrx_word' id='word_1_207' title='bbox 595 2485 675 2544; x_wconf 90' lang='lat' dir='ltr'><strong>enim</strong></span> <span class='ocrx_word' id='word_1_208' title='bbox 690 2484 811 2544; x_wconf 89' lang='lat' dir='ltr'><strong>tandem</strong></span> <span class='ocrx_word' id='word_1_209' title='bbox 825 2483 896 2544; x_wconf 89' lang='lat' dir='ltr'><strong>vitio</strong></span> <span class='ocrx_word' id='word_1_210' title='bbox 915 2483 1083 2542; x_wconf 89' lang='lat' dir='ltr'><strong>advocatus</strong></span> <span class='ocrx_word' id='word_1_211' title='bbox 1096 2481 1149 2540; x_wconf 85' lang='lat' dir='ltr'><strong>de-</strong></span> 
     </span>
     <span class='ocr_line' id='line_1_28' title="bbox 169 2563 1148 2642; baseline -0.002 -16"><span class='ocrx_word' id='word_1_212' title='bbox 169 2564 245 2626; x_wconf 81' lang='lat' dir='ltr'><strong>iuitt</strong></span> <span class='ocrx_word' id='word_1_213' title='bbox 278 2573 402 2627; x_wconf 91' lang='lat' dir='ltr'><strong>nonest</strong></span> <span class='ocrx_word' id='word_1_214' title='bbox 420 2568 505 2642; x_wconf 90' lang='lat' dir='ltr'><strong>quod</strong></span> <span class='ocrx_word' id='word_1_215' title='bbox 520 2568 606 2628; x_wconf 89' lang='lat' dir='ltr'><strong>dicas</strong></span> <span class='ocrx_word' id='word_1_216' title='bbox 627 2568 727 2628; x_wconf 87' lang='lat' dir='ltr'><strong>excidi</strong></span> <span class='ocrx_word' id='word_1_217' title='bbox 743 2583 804 2628; x_wconf 93' lang='lat' dir='ltr'><strong>non</strong></span> <span class='ocrx_word' id='word_1_218' title='bbox 820 2583 929 2641; x_wconf 86' lang='lat' dir='ltr'><strong>posse:</strong></span> <span class='ocrx_word' id='word_1_219' title='bbox 960 2563 1148 2626; x_wconf 85' lang='lat' dir='ltr'><strong>sanabilibus</strong></span> 
     </span>
     <span class='ocr_line' id='line_1_29' title="bbox 170 2650 1150 2727; baseline 0 -19"><span class='ocrx_word' id='word_1_220' title='bbox 170 2657 363 2724; x_wconf 79' lang='lat' dir='ltr'><strong>aegrotamus</strong></span> <span class='ocrx_word' id='word_1_221' title='bbox 379 2650 466 2712; x_wconf 91' lang='lat' dir='ltr'><strong>malis</strong></span> <span class='ocrx_word' id='word_1_222' title='bbox 481 2652 611 2727; x_wconf 90' lang='lat' dir='ltr'><strong>ipsaque</strong></span> <span class='ocrx_word' id='word_1_223' title='bbox 626 2668 683 2711; x_wconf 90' lang='lat' dir='ltr'><strong>nos</strong></span> <span class='ocrx_word' id='word_1_224' title='bbox 705 2652 733 2718; x_wconf 87' lang='lat' dir='ltr'><strong>ip</strong></span> <span class='ocrx_word' id='word_1_225' title='bbox 756 2657 871 2710; x_wconf 87' lang='lat' dir='ltr'><strong>rectum</strong></span> <span class='ocrx_word' id='word_1_226' title='bbox 891 2651 1011 2725; x_wconf 83' lang='lat' dir='ltr'><strong>genitos</strong></span> <span class='ocrx_word' id='word_1_227' title='bbox 1032 2655 1150 2722; x_wconf 91' lang='lat' dir='ltr'><strong>natura,</strong></span> 
     </span>
     <span class='ocr_line' id='line_1_30' title="bbox 170 2734 1149 2809; baseline -0.001 -16"><span class='ocrx_word' id='word_1_228' title='bbox 170 2734 196 2793; x_wconf 92' lang='lat' dir='ltr'><strong>si</strong></span> <span class='ocrx_word' id='word_1_229' title='bbox 212 2734 366 2793; x_wconf 90' lang='lat' dir='ltr'><strong>emendari</strong></span> <span class='ocrx_word' id='word_1_230' title='bbox 383 2735 520 2809; x_wconf 91' lang='lat' dir='ltr'><strong>velimus,</strong></span> <span class='ocrx_word' id='word_1_231' title='bbox 537 2737 628 2795; x_wconf 87' lang='lat' dir='ltr'><strong>iuvat.</strong></span> <span class='ocrx_word' id='word_1_232' title='bbox 661 2749 726 2808; x_wconf 89' lang='lat' dir='ltr'><strong>nec,</strong></span> <span class='ocrx_word' id='word_1_233' title='bbox 743 2741 776 2794; x_wconf 90' lang='lat' dir='ltr'><strong>ut</strong></span> <span class='ocrx_word' id='word_1_234' title='bbox 788 2735 970 2808; x_wconf 90' lang='lat' dir='ltr'><strong>quibusdam</strong></span> <span class='ocrx_word' id='word_1_235' title='bbox 981 2735 1080 2794; x_wconf 90' lang='lat' dir='ltr'><strong>visum</strong></span> <span class='ocrx_word' id='word_1_236' title='bbox 1092 2739 1149 2806; x_wconf 90' lang='lat' dir='ltr'><strong>est,</strong></span> 
     </span>
     <span class='ocr_line' id='line_1_31' title="bbox 170 2817 1149 2893; baseline -0.004 -17"><span class='ocrx_word' id='word_1_237' title='bbox 170 2817 298 2876; x_wconf 89' lang='lat' dir='ltr'><strong>arduum</strong></span> <span class='ocrx_word' id='word_1_238' title='bbox 320 2818 350 2875; x_wconf 95' lang='lat' dir='ltr'><strong>in</strong></span> <span class='ocrx_word' id='word_1_239' title='bbox 371 2817 497 2878; x_wconf 91' lang='lat' dir='ltr'><strong>virtutes</strong></span> <span class='ocrx_word' id='word_1_240' title='bbox 513 2827 543 2879; x_wconf 92' lang='lat' dir='ltr'><strong>et</strong></span> <span class='ocrx_word' id='word_1_241' title='bbox 557 2835 700 2893; x_wconf 88' lang='lat' dir='ltr'><strong>asperum</strong></span> <span class='ocrx_word' id='word_1_242' title='bbox 715 2819 771 2878; x_wconf 88' lang='lat' dir='ltr'><strong>iter</strong></span> <span class='ocrx_word' id='word_1_243' title='bbox 787 2825 847 2877; x_wconf 88' lang='lat' dir='ltr'><strong>est:</strong></span> <span class='ocrx_word' id='word_1_244' title='bbox 876 2819 967 2893; x_wconf 90' lang='lat' dir='ltr'><strong>plano</strong></span> <span class='ocrx_word' id='word_1_245' title='bbox 988 2818 1149 2878; x_wconf 90' lang='lat' dir='ltr'><strong>adeuntur.</strong></span> 
     </span>
     <span class='ocr_line' id='line_1_32' title="bbox 141 2899 1151 2963; baseline 0.001 -6"><span class='ocrx_word' id='word_1_246' title='bbox 141 2899 236 2958; x_wconf 71' lang='lat' dir='ltr'><strong>erton</strong></span> <span class='ocrx_word' id='word_1_247' title='bbox 250 2915 348 2959; x_wconf 89' lang='lat' dir='ltr'><strong>vanae</strong></span> <span class='ocrx_word' id='word_1_248' title='bbox 364 2901 452 2960; x_wconf 89' lang='lat' dir='ltr'><strong>vobis</strong></span> <span class='ocrx_word' id='word_1_249' title='bbox 467 2909 573 2962; x_wconf 86' lang='lat' dir='ltr'><strong>auctor</strong></span> <span class='ocrx_word' id='word_1_250' title='bbox 592 2903 637 2961; x_wconf 89' lang='lat' dir='ltr'><strong>rei</strong></span> <span class='ocrx_word' id='word_1_251' title='bbox 651 2903 751 2963; x_wconf 89' lang='lat' dir='ltr'><strong>venio.</strong></span> <span class='ocrx_word' id='word_1_252' title='bbox 783 2901 879 2962; x_wconf 81' lang='lat' dir='ltr'><strong>facilis</strong></span> <span class='ocrx_word' id='word_1_253' title='bbox 902 2909 949 2961; x_wconf 90' lang='lat' dir='ltr'><strong>est</strong></span> <span class='ocrx_word' id='word_1_254' title='bbox 969 2902 1010 2960; x_wconf 89' lang='lat' dir='ltr'><strong>ad</strong></span> <span class='ocrx_word' id='word_1_255' title='bbox 1029 2901 1151 2960; x_wconf 89' lang='lat' dir='ltr'><strong>beatam</strong></span> 
     </span>
     <span class='ocr_line' id='line_1_33' title="bbox 169 2983 1151 3062; baseline -0.001 -19"><span class='ocrx_word' id='word_1_256' title='bbox 169 2983 262 3043; x_wconf 90' lang='lat' dir='ltr'><strong>vitam</strong></span> <span class='ocrx_word' id='word_1_257' title='bbox 278 2983 341 3043; x_wconf 83' lang='lat' dir='ltr'><strong>via:</strong></span> <span class='ocrx_word' id='word_1_258' title='bbox 368 2983 440 3044; x_wconf 90' lang='lat' dir='ltr'><strong>inite</strong></span> <span class='ocrx_word' id='word_1_259' title='bbox 461 2987 553 3045; x_wconf 91' lang='lat' dir='ltr'><strong>modo</strong></span> <span class='ocrx_word' id='word_1_260' title='bbox 574 2987 663 3047; x_wconf 90' lang='lat' dir='ltr'><strong>bonis</strong></span> <span class='ocrx_word' id='word_1_261' title='bbox 685 2985 831 3062; x_wconf 90' lang='lat' dir='ltr'><strong>auspiciis</strong></span> <span class='ocrx_word' id='word_1_262' title='bbox 847 2985 987 3060; x_wconf 86' lang='lat' dir='ltr'><strong>ipsisque</strong></span> <span class='ocrx_word' id='word_1_263' title='bbox 1007 2985 1055 3044; x_wconf 87' lang='lat' dir='ltr'><strong>dis</strong></span> <span class='ocrx_word' id='word_1_264' title='bbox 1071 2984 1151 3044; x_wconf 91' lang='lat' dir='ltr'><strong>bene</strong></span> 
     </span>
     <span class='ocr_line' id='line_1_34' title="bbox 169 3066 1179 3143; baseline 0 -18"><span class='ocrx_word' id='word_1_265' title='bbox 169 3067 352 3128; x_wconf 91' lang='lat' dir='ltr'><strong>iuvantibus.</strong></span> <span class='ocrx_word' id='word_1_266' title='bbox 385 3070 478 3128; x_wconf 92' lang='lat' dir='ltr'><strong>multo</strong></span> <span class='ocrx_word' id='word_1_267' title='bbox 501 3069 653 3130; x_wconf 78' lang='lat' dir='ltr'><strong>difficilius</strong></span> <span class='ocrx_word' id='word_1_268' title='bbox 676 3077 723 3130; x_wconf 91' lang='lat' dir='ltr'><strong>est</strong></span> <span class='ocrx_word' id='word_1_269' title='bbox 743 3071 845 3128; x_wconf 88' lang='lat' dir='ltr'><strong>iacere</strong></span> <span class='ocrx_word' id='word_1_270' title='bbox 866 3069 924 3129; x_wconf 90' lang='lat' dir='ltr'><strong>ista</strong></span> <span class='ocrx_word' id='word_1_271' title='bbox 945 3083 1025 3143; x_wconf 90' lang='lat' dir='ltr'><strong>quae</strong></span> <span class='ocrx_word' id='word_1_272' title='bbox 1039 3066 1179 3128; x_wconf 77' lang='lat' dir='ltr'><strong>iacitis.¹</strong></span> 
     </span>
     <span class='ocr_line' id='line_1_35' title="bbox 171 3149 1150 3228; baseline -0.001 -18"><span class='ocrx_word' id='word_1_273' title='bbox 171 3149 248 3224; x_wconf 83' lang='lat' dir='ltr'><strong>Quid</strong></span> <span class='ocrx_word' id='word_1_274' title='bbox 262 3159 310 3212; x_wconf 92' lang='lat' dir='ltr'><strong>est</strong></span> <span class='ocrx_word' id='word_1_275' title='bbox 323 3152 414 3212; x_wconf 91' lang='lat' dir='ltr'><strong>animi</strong></span> <span class='ocrx_word' id='word_1_276' title='bbox 433 3154 532 3228; x_wconf 88' lang='lat' dir='ltr'><strong>quiete</strong></span> <span class='ocrx_word' id='word_1_277' title='bbox 547 3155 686 3227; x_wconf 88' lang='lat' dir='ltr'><strong>otiosius,</strong></span> <span class='ocrx_word' id='word_1_278' title='bbox 703 3153 777 3228; x_wconf 91' lang='lat' dir='ltr'><strong>quid</strong></span> <span class='ocrx_word' id='word_1_279' title='bbox 790 3155 836 3212; x_wconf 88' lang='lat' dir='ltr'><strong>ira</strong></span> <span class='ocrx_word' id='word_1_280' title='bbox 849 3153 1055 3212; x_wconf 86' lang='lat' dir='ltr'><strong>laboriosiust</strong></span> <span class='ocrx_word' id='word_1_281' title='bbox 1075 3150 1150 3226; x_wconf 90' lang='lat' dir='ltr'><strong>quid</strong></span> 
     </span>
     <span class='ocr_line' id='line_1_36' title="bbox 170 3235 1150 3314; baseline -0.001 -21"><span class='ocrx_word' id='word_1_282' title='bbox 170 3235 331 3294; x_wconf 91' lang='lat' dir='ltr'><strong>clementia</strong></span> <span class='ocrx_word' id='word_1_283' title='bbox 345 3236 514 3310; x_wconf 89' lang='lat' dir='ltr'><strong>remissius,</strong></span> <span class='ocrx_word' id='word_1_284' title='bbox 534 3238 608 3314; x_wconf 90' lang='lat' dir='ltr'><strong>quid</strong></span> <span class='ocrx_word' id='word_1_285' title='bbox 623 3238 799 3298; x_wconf 86' lang='lat' dir='ltr'><strong>crudelitate</strong></span> <span class='ocrx_word' id='word_1_286' title='bbox 813 3236 1026 3310; x_wconf 79' lang='lat' dir='ltr'><strong>negotiosiusr</strong></span> <span class='ocrx_word' id='word_1_287' title='bbox 1060 3240 1150 3294; x_wconf 90' lang='lat' dir='ltr'><strong>vacat</strong></span> 
     </span>
     <span class='ocr_line' id='line_1_37' title="bbox 169 3317 1148 3398; baseline -0.003 -20"><span class='ocrx_word' id='word_1_288' title='bbox 169 3318 324 3394; x_wconf 86' lang='lat' dir='ltr'><strong>pudicitia,</strong></span> <span class='ocrx_word' id='word_1_289' title='bbox 341 3319 434 3381; x_wconf 92' lang='lat' dir='ltr'><strong>libido</strong></span> <span class='ocrx_word' id='word_1_290' title='bbox 451 3321 688 3398; x_wconf 87' lang='lat' dir='ltr'><strong>occupatissima</strong></span> <span class='ocrx_word' id='word_1_291' title='bbox 702 3328 758 3382; x_wconf 88' lang='lat' dir='ltr'><strong>est.</strong></span> <span class='ocrx_word' id='word_1_292' title='bbox 792 3320 923 3381; x_wconf 90' lang='lat' dir='ltr'><strong>omnium</strong></span> <span class='ocrx_word' id='word_1_293' title='bbox 939 3319 1073 3394; x_wconf 89' lang='lat' dir='ltr'><strong>denique</strong></span> <span class='ocrx_word' id='word_1_294' title='bbox 1087 3317 1148 3375; x_wconf 93' lang='lat' dir='ltr'><strong>vir-</strong></span> 
     </span>
     <span class='ocr_line' id='line_1_38' title="bbox 141 3401 1150 3480; baseline -0.007 -14"><span class='ocrx_word' id='word_1_295' title='bbox 141 3408 266 3466; x_wconf 83' lang='lat' dir='ltr'><strong>acutum</strong></span> <span class='ocrx_word' id='word_1_296' title='bbox 285 3405 379 3464; x_wconf 90' lang='lat' dir='ltr'><strong>tutela</strong></span> <span class='ocrx_word' id='word_1_297' title='bbox 401 3405 497 3467; x_wconf 87' lang='lat' dir='ltr'><strong>iacilis</strong></span> <span class='ocrx_word' id='word_1_298' title='bbox 519 3413 581 3478; x_wconf 91' lang='lat' dir='ltr'><strong>est,</strong></span> <span class='ocrx_word' id='word_1_299' title='bbox 599 3406 670 3465; x_wconf 92' lang='lat' dir='ltr'><strong>vitia</strong></span> <span class='ocrx_word' id='word_1_300' title='bbox 684 3419 795 3480; x_wconf 77' lang='lat' dir='ltr'><strong>magno</strong></span> <span class='ocrx_word' id='word_1_301' title='bbox 807 3405 956 3464; x_wconf 89' lang='lat' dir='ltr'><strong>coluntur.</strong></span> <span class='ocrx_word' id='word_1_302' title='bbox 991 3401 1089 3464; x_wconf 87' lang='lat' dir='ltr'><strong>Debet</strong></span> <span class='ocrx_word' id='word_1_303' title='bbox 1103 3401 1150 3460; x_wconf 90' lang='lat' dir='ltr'><strong>ira</strong></span> 
     </span>
     <span class='ocr_line' id='line_1_39' title="bbox 168 3486 1151 3566; baseline -0.002 -20"><span class='ocrx_word' id='word_1_304' title='bbox 168 3488 329 3550; x_wconf 84' lang='lat' dir='ltr'><strong>removeri.</strong></span> <span class='ocrx_word' id='word_1_305' title='bbox 361 3488 421 3551; x_wconf 93' lang='lat' dir='ltr'><strong>hoc</strong></span> <span class='ocrx_word' id='word_1_306' title='bbox 446 3507 485 3550; x_wconf 87' lang='lat' dir='ltr'><strong>ex</strong></span> <span class='ocrx_word' id='word_1_307' title='bbox 509 3496 596 3566; x_wconf 89' lang='lat' dir='ltr'><strong>parte</strong></span> <span class='ocrx_word' id='word_1_308' title='bbox 622 3491 752 3550; x_wconf 89' lang='lat' dir='ltr'><strong>latentur</strong></span> <span class='ocrx_word' id='word_1_309' title='bbox 771 3488 861 3549; x_wconf 91' lang='lat' dir='ltr'><strong>etiam</strong></span> <span class='ocrx_word' id='word_1_310' title='bbox 883 3488 934 3562; x_wconf 92' lang='lat' dir='ltr'><strong>qui</strong></span> <span class='ocrx_word' id='word_1_311' title='bbox 955 3486 1060 3548; x_wconf 89' lang='lat' dir='ltr'><strong>dicunt</strong></span> <span class='ocrx_word' id='word_1_312' title='bbox 1076 3500 1151 3546; x_wconf 89' lang='lat' dir='ltr'><strong>esse</strong></span> 
     </span>
    </p>
   </div>
   <div class='ocr_carea' id='block_1_3' title="bbox 0 0 1273 3906">
    <p class='ocr_par' dir='ltr' id='par_1_3' title="bbox 0 0 1273 3906">
     <span class='ocr_line' id='line_1_40' title="bbox 0 0 1273 3906; baseline 0 0"><span class='ocrx_word' id='word_1_313' title='bbox 0 0 1273 3906; x_wconf 95' lang='lat' dir='ltr'><strong> </strong></span> 
     </span>
    </p>
   </div>
  </div>
 </body>
</html>
