2528 3906
202 272 264 346 rao
395 271 429 332 ι,
451 269 596 329 anunm
619 227 793 351 srnncan
813 267 915 327 orac.
933 268 999 326 vr..

202 427 250 486 nis
264 440 340 486 usus
358 423 446 485 nobis
463 423 581 482 illorum
602 427 632 478 et
645 426 833 494 conspectus
845 427 972 492 ereptus
996 419 1050 478 sit=
1073 419 1184 492 opinio

202 515 250 568 est
270 521 352 582 crgo,
376 519 455 580 quae
474 521 532 566 nos
551 503 666 564 cruciat
686 510 717 562 et
736 501 810 562 tanti
832 503 977 577 quodque
991 503 1103 561 nralmn
1122 509 1183 574 est,

202 592 308 666 quanti
322 591 395 650 illud
410 587 592 649 taxavimus.
615 587 649 646 ln
660 592 764 646 nostra
778 589 928 660 potestate
941 585 1109 645 remedium
1126 585 1182 644 ha-

201 677 325 738 bemus:
352 672 520 751 iudicemus
541 671 609 730 illos
629 668 742 730 abesse
756 677 786 728 et
806 665 1006 744 nosmetipsi
1028 669 1184 728 fallamus

167 759 371 818 adimisimus
392 755 475 826 illos,
501 755 591 814 immo
614 753 806 813 consecuturi
823 752 1048 826 praemisimus,
1076 751 1185 812 ltlovet

203 849 232 900 et
246 840 321 900 illud
335 840 501 920 lugentem=
529 853 610 909 „non
626 835 683 896 erit
699 837 749 911 qui
765 843 814 894 me
830 835 982 908 defendat,-
1004 836 1057 909 qui
1071 851 1090 893 a
1105 851 1183 896 con-

202 930 318 997 temptu
339 921 497 980 vindicet.“
526 920 565 980 Ut
584 919 705 978 minime
721 918 885 994 probabili,
908 919 963 978 sed
979 933 1052 978 vero
1068 920 1183 978 solatio

201 1013 278 1077 utar,
300 1005 328 1064 io
345 1005 465 1064 civitate
479 1009 585 1064 nostra
599 1004 668 1076 plus
682 1002 798 1076 gratiae
813 1001 927 1061 orbitas
949 1004 1066 1062 confert
1087 1019 1184 1076 quam

203 1089 299 1164 eripit,
312 1088 453 1162 adeoque
465 1093 651 1148 senectutem
663 1086 805 1158 solitudo,
819 1100 898 1159 quae
910 1085 1183 1145 solebat-destrue·

200 1189 250 1243 re,
266 1172 305 1230 ad
322 1169 484 1246 potentiam
500 1170 590 1242 ducit,
607 1176 640 1228 ιιι
655 1167 779 1242 quidam
795 1169 866 1227 odia
887 1167 1017 1228 filiorum
1037 1165 1186 1229 simulent

169 1263 233 1318 bet
246 1255 359 1314 liberos
380 1258 540 1328 attrectet
563 1252 720 1312 orbitatem
740 1267 832 1311 manu
853 1252 973 1311 faciant.
1002 1251 1081 1311 ¹Scio
1105 1253 1182 1326 quid

204 1339 307 1398 dicas:
329 1355 409 1412 „non
424 1344 547 1397 movent
561 1351 609 1394 me
624 1335 804 1396 detrimenta
817 1341 917 1394 meaf‘
939 1336 1119 1396 etenimnon
1133 1343 1186 1394 est

170 1449 174 1454 ·
204 1421 315 1496 dignus
328 1420 446 1493 solatio,
463 1419 515 1494 qui
530 1419 623 1478 filium
640 1417 698 1478 sibi
711 1417 888 1478 decessisse
902 1417 986 1478 sicut«
994 1420 1184 1494 mancipium

203 1505 332 1564 moleste
343 1506 409 1573 fert,
426 1503 474 1562 cui
486 1503 650 1576 quicquam
662 1501 691 1560 in
704 1502 767 1561 lilio
779 1502 935 1576 respicere
946 1506 1067 1576 praeter
1078 1503 1184 1577 ipsum

203 1595 306 1646 vacat:
326 1587 398 1660 quid
414 1586 503 1658 igitur
518 1593 556 1656 te,
577 1583 706 1656 Marcia,
729 1591 851 1645 movctt
872 1589 970 1644 utrum
990 1585 1075 1660 ouon
1097 1586 1184 1646 filius

203 1680 274 1730 tuus
290 1668 490 1739 necessitas
507 1667 591 1742 quod
612 1683 672 1726 non
694 1668 746 1728 diu
763 1668 861 1728 'vixitt
882 1669 909 1728 si
932 1670 1015 1743 quod
1037 1667 1184 1740 decessit,

170 1768 190 1820 4
204 1767 326 1828 semper
337 1751 468 1812 debui-sti
480 1752 593 1831 dolere.
617 1763 740 1826 semper
751 1753 831 1810 enim
844 1751 928 1812 scisti
940 1752 1025 1810 mori.
1042 1752 1186 1825 Cogita

203 1835 322 1894 nullis
338 1835 561 1896 defunctum
577 1833 841 1912 malisadlici,
864 1835 914 1894 illa
936 1836 1119 1908 quaenobis
1137 1835 1183 1894 ln·

203 1920 286 1980 leros
299 1919 412 1978 faciunt
423 1917 581 1992 terribiles,
594 1917 725 1978 fabulam
737 1933 817 1989 esse,
831 1919 930 1977 nullas
942 1917 1090 1978 inminere
1099 1934 1183 1977 mor-

203 2002 264 2062 tuis
287 2004 429 2062 tenebras
450 2016 508 2060 nec
531 2016 684 2062 carcerem
705 2017 761 2060 nec
783 2001 907 2060 lldmina
929 2000 999 2075 igne
1020 2001 1185 2074 flagrantia

204 2101 261 2146 nec
277 2083 438 2145 oblivionis
454 2079 571 2144 amnem
587 2098 645 2144 neo
660 2083 822 2144 tribunalia
837 2091 867 2144 ct
881 2100 952 2145 reos
973 2091 1002 2144 et
1022 2084 1053 2154 in
1073 2085 1124 2142 illa
1146 2085 1182 2141 li—

205 2169 320 2226 bertate
334 2176 393 2226 tam
410 2169 479 2226 laxa
490 2169 568 2228 ullos
583 2168 690 2228 iterum
702 2175 859 2244 tyrannos.
882 2169 1020 2227 luserunt
1034 2168 1092 2226 ista
1105 2182 1183 2240 poe·

170 2269 188 2321 5
204 2260 253 2311 tae
269 2257 299 2308 ιι
314 2250 399 2310 vanis
415 2267 472 2312 nos
488 2251 642 2323 agitavere
658 2250 834 2310 terroribus.
858 2251 942 2310 Mors
959 2251 1098 2311 dolorum
1115 2265 1182 2310 onr-

203 2334 285 2392 nlum
300 2333 450 2394 exsolutio
467 2339 514 2392 est
534 2340 564 2394 et
584 2333 662 2406 finis,
687 2335 765 2393 ultra
784 2350 876 2408 quiem
897 2336 976 2393 mala
991 2341 1098 2394 nostra
1118 2351 1182 2392 non

204 2423 323 2489 exeunt,
340 2433 418 2491 quae
431 2433 488 2478 nos
500 2417 528 2474 in
541 2419 620 2478 illam
632 2417 885 2493 tranquillitatem,
900 2418 929 2475 in
944 2434 1004 2492 qiua
1015 2425 1183 2490 antequam

177 2543 180 2550 .
203 2514 398 2560 nasceremur
412 2500 569 2581 iacuimuS,
589 2499 718 2574 reponit.
736 2500 775 2561 ,Si
790 2507 975 2561 mortborum
992 2501 1103 2574 aliquis
1125 2501 1182 2558 mi-

203 2590 329 2658 seretur,
346 2591 451 2644 elnon
467 2591 604 2645 natorum
620 2583 806 2644 misereatur.
828 2584 910 2643 lllors
926 2599 983 2642 nec
997 2584 1110 2644 bonum
1123 2599 1184 2642 nec

203 2667 315 2726 malum
331 2675 386 2728 est.
417 2669 446 2728 td
470 2666 550 2728 enim
565 2673 667 2740 potest
688 2674 739 2725 aut
759 2667 872 2727 bonum
886 2671 944 2726 ‘aut
964 2667 1075 2728 malum
1097 2683 1181 2736 esse,

205 2751 288 2822 quod
304 2751 417 2824 aliquid
434 2757 489 2810 est.
514 2750 598 2824 quod
615 2765 688 2811 vero
703 2749 804 2826 ipsum
819 2749 892 2809 nihil
907 2757 955 2809 est
974 2751 1127 2818 etomnia
1149 2751 1182 2807 in

136 2837 137 2840 ’
203 2832 328 2904 nihilum
342 2834 460 2907 redigit,
483 2835 553 2892 nulli
569 2849 626 2892 nos
643 2835 779 2893 fortunae
793 2833 895 2893 tradit.
923 2835 1003 2892 mala
1022 2833 1103 2902 enim
1124 2833 1182 2892 bo-

205 2931 305 2988 naque
322 2915 401 2974 circa
423 2918 554 2990 aliquam
572 2926 730 2976 versantur
745 2917 909 2976 materiam.
929 2933 1001 2976 non
1023 2924 1127 2990 potest
1148 2915 1182 2974 id

205 2997 324 3057 fortuna
339 3005 449 3072 tenere,
467 3001 550 3073 quod
562 3007 667 3060 natura
682 2999 803 3072 dimisit,
819 3015 876 3060 nec
888 3007 989 3075 potest
1001 2998 1096 3059 miser
1108 3013 1182 3058 esse

172 3081 258 3154 oqui
279 3081 379 3141 nullus
399 3090 453 3143 est.
481 3083 623 3142 Excessit
643 3081 722 3142 filius
738 3090 806 3142 tuus
822 3085 976 3156 terminos,
998 3083 1076 3145 intra
1099 3097 1182 3156 quos
1256 3081 1257 3084 ’

205 3164 343 3223 servitur.
374 3167 496 3239 excepit
509 3167 590 3224 illum
606 3181 715 3238 magna
730 3173 760 3226 et
774 3173 903 3236 aeterna
919 3159 991 3242 pm'r.¹
1025 3181 1086 3225 non
1102 3181 1180 3240 pau-

204 3247 329 3320 pertatis
345 3255 434 3322 metu,
451 3265 511 3308 non
526 3248 696 3308 divitiarum
718 3265 799 3322 cura,
820 3267 880 3310 non
895 3251 1026 3310 libidinis
1047 3265 1105 3324 per
1125 3265 1180 3308 vo-

203 3331 348 3404 luptatem
364 3329 481 3390 animos
500 3332 653 3404 cernentis
675 3333 805 3393 stimulis
827 3333 997 3406 incessitur,
1019 3348 1081 3391 non
1102 3333 1181 3390 invi—

204 3412 254 3473 dia
269 3413 417 3472 felicitatis
432 3414 548 3473 alienae
565 3416 704 3488 tangitur,
720 3433 781 3476 non
794 3433 868 3476 suae
884 3417 1035 3492 premitur,
1050 3431 1090 3474 ne
1106 3429 1181 3473 con·
1256 3427 1257 3466 l

201 3494 432 3569 violisquidcm
451 3496 519 3555 ullis
536 3499 726 3558 verecundae
742 3515 831 3558 aures
855 3500 1060 3572 verberantur.
1097 3501 1181 3557 nullo
1256 3485 1257 3508 ¹
