2528 3906
213 279 273 356 ce¹
497 279 529 338 t.
552 278 698 338 Annum
721 253 895 338 saniona

214 433 322 511 paucis
342 429 470 506 gratuita
488 437 544 490 est.
578 429 744 489 iracundus
767 428 908 488 dominus
933 435 1007 501 tuot
1030 428 1061 486 in
1087 429 1195 502 lugam

213 532 324 577 servos
349 513 431 590 egitr
461 521 536 588 quot
560 513 589 572 in
618 518 765 572 morienti
793 519 905 586 quanto
934 511 1003 586 plus
1026 511 1196 572 irascendo

143 649 154 666 .
216 616 306 675 quam
323 599 354 658 id
369 604 442 669 erat,
460 602 584 672 propter
598 596 683 670 quod
697 595 893 670 irascebatur,
909 593 1030 654 amisitt
1052 593 1098 654 ira
1113 597 1196 670 patri

214 682 336 755 luctum,
354 681 460 741 marito
475 678 638 740 divortium
652 677 767 752 adtulit,
784 677 970 753 magistratui
987 677 1099 750 odium,
1118 693 1194 737 can-

187 765 321 828 5didato
336 765 500 840 repulsam.
533 762 623 824 Peior
643 769 691 822 est
708 777 798 836 quam
818 761 951 832 luxuria,
974 761 1120 835 quoniam
1140 759 1194 822 illa

215 865 273 908 sua
285 849 441 922 voluptate
452 845 571 916 fruitur,
586 845 663 905 haec
677 845 776 905 alieno
792 845 908 905 dolore.
934 843 1038 905 Vincit
1051 841 1191 920 maligni-

215 938 306 990 tatem
320 937 350 989 et
362 929 522 990 invidiam:
544 929 613 990 illae
628 928 709 988 enim
724 927 872 990 infelicem
885 927 950 988 lieri
966 929 1087 1001 volunt,
1110 927 1195 988 haec

215 1014 326 1074 iacere.
362 1013 432 1072 illae
447 1012 576 1072 fortuitis
591 1012 678 1072 malis
694 1012 897 1086 delectantur,
919 1011 994 1072 haec
1009 1026 1071 1070 non
1088 1018 1198 1086 potest

136 1127 139 1134 ·
216 1103 396 1172 exspectare
417 1097 577 1156 loctunam.
614 1110 727 1156 nocere
743 1096 771 1154 ei
792 1110 883 1170 quem
903 1093 981 1167 odit,
1004 1111 1066 1155 non
1085 1097 1194 1154 noceri

187 1181 288 1251 fivult.
330 1179 406 1239 Nihil
427 1187 475 1239 est
499 1178 700 1240 simultatibus
721 1178 859 1254 gravius:
890 1178 946 1238 has
972 1178 1018 1238 ira
1039 1177 1195 1238 conciliat.

217 1261 287 1322 nihil
301 1270 348 1324 est
360 1263 440 1322 bello
456 1263 621 1324 funestius:
641 1263 672 1321 in
687 1261 747 1324 hcc
762 1261 930 1337 potentium
950 1262 994 1322 ira
1009 1262 1194 1336 prorumpit.

216 1352 348 1406 cetemm
369 1347 458 1406 etiem
479 1346 531 1406 illa
551 1345 672 1422 plebeia
691 1346 737 1405 ira
756 1353 786 1404 et
805 1345 923 1419 privata
942 1345 1056 1404 inerme
1076 1351 1107 1404 et
1122 1345 1195 1404 sine

215 1427 331 1490 viribus
352 1430 463 1490 bellurn
481 1436 537 1488 est.
566 1430 727 1489 Praeterea
745 1429 804 1503 ira,
818 1423 865 1488 'nt
884 1442 1087 1503 seponamus,
1109 1444 1196 1504 quae

215 1528 287 1572 mox
301 1519 445 1572 secutura
459 1519 538 1583 sunt,
555 1514 674 1584 damna,
690 1511 826 1583 insidias,
845 1519 1024 1587 perpetuam
1039 1527 1078 1571 ex
1093 1520 1194 1571 certa-

215 1595 346 1655 minibus
367 1595 479 1656 mutuis
500 1595 749 1668 sollicitudinem,
775 1595 828 1656 det
848 1610 965 1669 poenas
988 1594 1060 1655 dum
1081 1595 1195 1670 exigit:

215 1683 353 1736 naturam
365 1677 496 1738 bominis
512 1679 617 1738 eiurat.
642 1679 693 1738 illa
706 1679 737 1738 in
752 1694 885 1739 amorem
899 1678 1050 1752 hortatur,
1066 1679 1145 1738 haec
1162 1680 1194 1738 in

185 1759 326 1825 lodium.
361 1761 412 1821 illa
435 1763 586 1836 prodesse
604 1761 701 1834 iubet,
725 1761 802 1820 haec
824 1777 945 1822 nocere.
978 1761 1077 1821 Adice
1093 1764 1195 1836 quod,
1258 1837 1259 1844 ἵ

216 1859 283 1902 cum
303 1843 469 1919 indignatio
484 1846 550 1905 eius
568 1845 690 1906 animio
709 1848 758 1905 sui
777 1852 925 1920 suspectu
946 1845 1067 1904 eveniat
1080 1852 1111 1904 et
1125 1848 1195 1906 ani-

215 1943 303 1986 mosa
316 1928 463 2002 videatur,
479 1929 591 2004 pusilla
605 1935 695 1989 estet
709 1936 845 2002 angusta.
868 1943 956 1988 nemo
971 1929 1050 1988 enim
1063 1945 1126 1988 non
1142 1944 1195 2001 eo,

216 2026 310 2085 aquo
325 2026 359 2071 se
375 2019 579 2086 contemptum
599 2011 728 2084 iudicat,
750 2011 849 2072 minor
869 2019 930 2071 est:
958 2018 989 2070 at
1010 2011 1058 2070 ille
1079 2012 1195 2086 ingens

215 2093 334 2154 animus
346 2101 376 2152 et
389 2111 479 2154 verus
491 2096 665 2155 aestimator
676 2097 724 2156 sui
736 2111 797 2156 non
810 2095 943 2156 vindicat
953 2093 1101 2170 iniuriam,
1118 2096 1196 2170 qnia
1257 2095 1258 2164 j

185 2183 276 2237 8n0n
292 2177 390 2236 sentit.
425 2178 466 2238 Ut
485 2179 545 2238 tela
564 2178 673 2238 aduro
695 2179 832 2238 resiliunt
851 2185 881 2237 et
901 2194 968 2238 cum
992 2179 1099 2239 dolore
1120 2193 1194 2238 cae-

216 2257 316 2319 dentis
331 2259 432 2319 solide
446 2261 608 2334 feriuntur,
624 2261 664 2321 ita
679 2263 761 2322 nulla
775 2277 917 2338 magnum
932 2261 1064 2326 animum
1081 2261 1196 2322 iniuria
1256 2327 1257 2332 γ

215 2341 395 2404 adsensum
416 2344 464 2404 sui
479 2343 616 2418 adducit,
638 2345 774 2421 fragilior
791 2361 828 2405 co
851 2345 936 2420 quod
955 2345 1038 2419 petit.
1073 2353 1195 2420 quanto
1256 2367 1257 2397 r

214 2424 371 2498 pulchrius
395 2427 479 2487 velut
507 2428 580 2488 nulli
604 2427 823 2503 penetrabilem
850 2429 910 2489 telo
937 2429 1035 2489 onmis
1061 2427 1194 2488 iniurias

214 2509 475 2586 contumeliasque
496 2519 658 2586 respuere!
694 2511 774 2573 Ultio
803 2511 919 2573 doloris
945 2512 1099 2572 consessio
1126 2520 1194 2572 est:
1255 2569 1256 2588 2

214 2607 273 2650 non
290 2600 338 2652 est
351 2609 480 2668 magnus
496 2596 630 2668 animus,
653 2610 743 2670 quem
757 2593 894 2656 incurvat
908 2595 1025 2655 iniuria.
1055 2597 1118 2654 Ant
1134 2611 1194 2668 po·
1255 2599 1256 2625 ³

213 2675 323 2736 tentior
337 2683 367 2735 te
388 2685 441 2737 ant
461 2676 630 2738 inbecillior
649 2677 755 2738 laesit:
780 2677 808 2738 si
826 2678 1008 2752 inbecillior,
1029 2693 1122 2753 parce
1137 2679 1194 2752 illi,

214 2758 239 2816 si
254 2759 419 2834 potentior,
434 2761 497 2821 tibi.
1254 2833 1255 2840 ἵ

186 2850 200 2900 1
270 2842 322 2900 Vl.
335 2841 453 2904 Nullum
465 2852 512 2905 est
523 2850 732 2918 argumentum
744 2843 958 2920 magnitudinis
971 2844 1081 2904 certius
1095 2861 1192 2919 quam

214 2923 288 2984 nibil
302 2939 399 2999 posse
416 2943 477 3000 quo
492 2927 644 3002 instigeris
660 2929 809 2988 accidere.
836 2927 910 2988 Pars
926 2929 1068 3003 superior
1081 2929 1193 2988 mundi

214 3013 244 3066 et
258 3007 424 3068 ordinatior
438 3025 474 3068 ac
491 3010 664 3090 propinqua
679 3011 831 3070 sideribus
846 3025 903 3069 nec
924 3010 955 3068 in
976 3012 1086 3070 nubem
1103 3013 1193 3085 eogi-

213 3096 262 3149 tur
283 3106 340 3150 nec
360 3089 391 3149 in
411 3097 621 3166 tempestatem
641 3093 794 3169 inpellitur
814 3109 871 3152 nec
891 3102 1029 3154 versatur
1049 3094 1079 3152 in
1092 3095 1194 3154 turbi-

213 3187 291 3232 nem.
322 3175 403 3233 omni
417 3177 545 3236 tumultu
560 3183 651 3236 caret.
679 3177 823 3238 interiora
844 3174 1052 3238 fulminantur:
1076 3177 1194 3237 eodem

213 3253 305 3316 modo
331 3257 469 3320 sublimis
493 3259 627 3333 animuS,
655 3260 775 3336 quietus
801 3275 924 3335 semper
948 3265 978 3320 et
1001 3260 1031 3318 in
1056 3261 1194 3322 statione
1252 3233 1253 3313 i

213 3339 374 3413 tranquilla
389 3337 565 3418 collocatus,
581 3343 683 3404 omnia
696 3345 774 3403 intra
788 3359 823 3402 se
838 3359 996 3418 premens,
1014 3341 1127 3418 quibus
1145 3347 1194 3403 ira

213 3421 413 3495 contrabitur,
438 3425 597 3486 modestus
623 3433 653 3485 et
677 3426 860 3486 venerabilis
885 3434 933 3488 est
954 3433 984 3486 et
1004 3427 1194 3502 dispositus,

183 3510 344 3580 liquorum
359 3506 429 3567 nihil
446 3507 583 3568 invenies
598 3505 627 3566 in
644 3509 729 3568 irato.
764 3509 837 3583 Quis
852 3508 931 3569 enim
944 3510 1072 3570 traditus
1088 3510 1195 3572 dolori

1248 3801 1250 3881 l
