<?xml version="1.0" encoding="UTF-8"?>
<!DOCTYPE html PUBLIC "-//W3C//DTD XHTML 1.0 Transitional//EN"
    "http://www.w3.org/TR/xhtml1/DTD/xhtml1-transitional.dtd">
<html xmlns="http://www.w3.org/1999/xhtml" xml:lang="en" lang="en">
 <head>
  <title>
</title>
<meta http-equiv="Content-Type" content="text/html;charset=utf-8" />
  <meta name='ocr-system' content='tesseract 3.04.00' />
  <meta name='ocr-capabilities' content='ocr_page ocr_carea ocr_par ocr_line ocrx_word'/>
</head>
<body>
  <div class='ocr_page' id='page_1' title='image "./operaquaesupers00senegoog_0035.png"; bbox 0 0 2522 3906; ppageno 0'>
   <div class='ocr_carea' id='block_1_1' title="bbox 199 287 1096 354">
    <p class='ocr_par' dir='ltr' id='par_1_1' title="bbox 199 287 1096 354">
     <span class='ocr_line' id='line_1_1' title="bbox 199 287 1096 354; baseline -0.008 0"><span class='ocrx_word' id='word_1_1' title='bbox 199 293 239 354; x_wconf 72' lang='lat'>22</span> <span class='ocrx_word' id='word_1_2' title='bbox 294 291 395 353; x_wconf 83' lang='lat' dir='ltr'>DlAL.</span> <span class='ocrx_word' id='word_1_3' title='bbox 414 291 449 350; x_wconf 90' lang='lat' dir='ltr'>ll.</span> <span class='ocrx_word' id='word_1_4' title='bbox 471 291 524 351; x_wconf 87' lang='lat' dir='ltr'>AD</span> <span class='ocrx_word' id='word_1_5' title='bbox 541 287 725 350; x_wconf 79' lang='lat' dir='ltr'>SERENUM</span> <span class='ocrx_word' id='word_1_6' title='bbox 738 288 812 348; x_wconf 83' lang='lat' dir='ltr'>NEC</span> <span class='ocrx_word' id='word_1_7' title='bbox 827 287 1008 348; x_wconf 84' lang='lat' dir='ltr'>INlURlAM</span> <span class='ocrx_word' id='word_1_8' title='bbox 1023 288 1096 347; x_wconf 85' lang='lat' dir='ltr'>NEC</span> 
     </span>
    </p>
   </div>
   <div class='ocr_carea' id='block_1_2' title="bbox 100 439 1189 3190">
    <p class='ocr_par' dir='ltr' id='par_1_2' title="bbox 165 439 1188 682">
     <span class='ocr_line' id='line_1_2' title="bbox 165 439 1187 520; baseline -0.006 -14"><span class='ocrx_word' id='word_1_9' title='bbox 165 508 168 516; x_wconf 81' lang='grc'><em>,</em></span> <span class='ocrx_word' id='word_1_10' title='bbox 199 453 260 520; x_wconf 88' lang='lat' dir='ltr'>tur,</span> <span class='ocrx_word' id='word_1_11' title='bbox 277 462 337 505; x_wconf 90' lang='lat' dir='ltr'>non</span> <span class='ocrx_word' id='word_1_12' title='bbox 354 442 507 502; x_wconf 84' lang='lat' dir='ltr'>iudicabat</span> <span class='ocrx_word' id='word_1_13' title='bbox 527 457 598 514; x_wconf 86' lang='lat' dir='ltr'>sua,</span> <span class='ocrx_word' id='word_1_14' title='bbox 621 441 677 500; x_wconf 88' lang='lat' dir='ltr'>sed</span> <span class='ocrx_word' id='word_1_15' title='bbox 692 439 862 499; x_wconf 88' lang='lat' dir='ltr'>adventicia</span> <span class='ocrx_word' id='word_1_16' title='bbox 877 447 906 498; x_wconf 93' lang='lat' dir='ltr'>et</span> <span class='ocrx_word' id='word_1_17' title='bbox 920 446 1025 500; x_wconf 93' lang='lat' dir='ltr'>nutum</span> <span class='ocrx_word' id='word_1_18' title='bbox 1040 440 1187 500; x_wconf 76' lang='lat' dir='ltr'><strong>fortunae</strong></span> 
     </span>
     <span class='ocr_line' id='line_1_3' title="bbox 200 521 1188 603; baseline -0.006 -14"><span class='ocrx_word' id='word_1_19' title='bbox 200 529 368 603; x_wconf 80' lang='lat' dir='ltr'>sequentia.</span> <span class='ocrx_word' id='word_1_20' title='bbox 396 527 467 588; x_wconf 89' lang='lat' dir='ltr'>ideo</span> <span class='ocrx_word' id='word_1_21' title='bbox 482 531 516 586; x_wconf 90' lang='lat' dir='ltr'>ut</span> <span class='ocrx_word' id='word_1_22' title='bbox 537 542 597 586; x_wconf 92' lang='lat' dir='ltr'>non</span> <span class='ocrx_word' id='word_1_23' title='bbox 621 523 745 600; x_wconf 89' lang='lat' dir='ltr'>propria</span> <span class='ocrx_word' id='word_1_24' title='bbox 760 523 917 583; x_wconf 78' lang='lat' dir='ltr'>dilexerat.</span> <span class='ocrx_word' id='word_1_25' title='bbox 947 521 1086 583; x_wconf 88' lang='lat' dir='ltr'><strong>Omnium</strong></span> <span class='ocrx_word' id='word_1_26' title='bbox 1102 525 1188 583; x_wconf 88' lang='lat' dir='ltr'>enim</span> 
     </span>
     <span class='ocr_line' id='line_1_4' title="bbox 200 607 1164 682; baseline -0.005 -11"><span class='ocrx_word' id='word_1_27' title='bbox 200 613 391 672; x_wconf 88' lang='lat' dir='ltr'>extrinsecus</span> <span class='ocrx_word' id='word_1_28' title='bbox 409 609 608 670; x_wconf 86' lang='lat' dir='ltr'>adfluentium</span> <span class='ocrx_word' id='word_1_29' title='bbox 622 607 738 668; x_wconf 87' lang='lat' dir='ltr'>lubrica</span> <span class='ocrx_word' id='word_1_30' title='bbox 752 615 782 667; x_wconf 91' lang='lat' dir='ltr'>et</span> <span class='ocrx_word' id='word_1_31' title='bbox 795 608 911 666; x_wconf 88' lang='lat' dir='ltr'>incerta</span> <span class='ocrx_word' id='word_1_32' title='bbox 926 608 1088 682; x_wconf 86' lang='lat' dir='ltr'>possessio</span> <span class='ocrx_word' id='word_1_33' title='bbox 1104 615 1164 668; x_wconf 92' lang='lat' dir='ltr'>est.</span> 
     </span>
    </p>

    <p class='ocr_par' dir='ltr' id='par_1_3' title="bbox 175 691 1189 1022">
     <span class='ocr_line' id='line_1_5' title="bbox 175 691 1187 769; baseline -0.005 -13"><span class='ocrx_word' id='word_1_34' title='bbox 175 704 189 756; x_wconf 88' lang='lat' dir='ltr'>l</span> <span class='ocrx_word' id='word_1_35' title='bbox 260 697 311 754; x_wconf 94' lang='lat' dir='ltr'>Vl.</span> <span class='ocrx_word' id='word_1_36' title='bbox 335 695 439 769; x_wconf 83' lang='lat' dir='ltr'>Cogita</span> <span class='ocrx_word' id='word_1_37' title='bbox 451 710 554 768; x_wconf 88' lang='lat' dir='ltr'>nunc,</span> <span class='ocrx_word' id='word_1_38' title='bbox 576 710 615 753; x_wconf 93' lang='lat' dir='ltr'>an</span> <span class='ocrx_word' id='word_1_39' title='bbox 636 692 706 751; x_wconf 88' lang='lat' dir='ltr'>huic</span> <span class='ocrx_word' id='word_1_40' title='bbox 725 692 772 751; x_wconf 88' lang='lat' dir='ltr'>lur</span> <span class='ocrx_word' id='word_1_41' title='bbox 792 697 843 750; x_wconf 93' lang='lat' dir='ltr'>aut</span> <span class='ocrx_word' id='word_1_42' title='bbox 858 691 1057 751; x_wconf 79' lang='lat' dir='ltr'>calumniator</span> <span class='ocrx_word' id='word_1_43' title='bbox 1071 699 1124 752; x_wconf 90' lang='lat' dir='ltr'>aut</span> <span class='ocrx_word' id='word_1_44' title='bbox 1140 693 1187 751; x_wconf 92' lang='lat' dir='ltr'>vi-</span> 
     </span>
     <span class='ocr_line' id='line_1_6' title="bbox 200 775 1187 854; baseline -0.004 -14"><span class='ocrx_word' id='word_1_45' title='bbox 200 781 288 840; x_wconf 91' lang='lat' dir='ltr'>cinus</span> <span class='ocrx_word' id='word_1_46' title='bbox 309 779 451 854; x_wconf 91' lang='lat' dir='ltr'>inpotens</span> <span class='ocrx_word' id='word_1_47' title='bbox 467 785 519 838; x_wconf 88' lang='lat' dir='ltr'>aut</span> <span class='ocrx_word' id='word_1_48' title='bbox 533 778 620 837; x_wconf 93' lang='lat' dir='ltr'>dives</span> <span class='ocrx_word' id='word_1_49' title='bbox 636 775 746 850; x_wconf 88' lang='lat' dir='ltr'>aliquis</span> <span class='ocrx_word' id='word_1_50' title='bbox 762 791 890 849; x_wconf 90' lang='lat' dir='ltr'>regnum</span> <span class='ocrx_word' id='word_1_51' title='bbox 905 775 999 834; x_wconf 87' lang='lat' dir='ltr'>orbae</span> <span class='ocrx_word' id='word_1_52' title='bbox 1015 777 1187 836; x_wconf 82' lang='lat' dir='ltr'>senectutis</span> 
     </span>
     <span class='ocr_line' id='line_1_7' title="bbox 200 858 1189 936; baseline -0.006 -12"><span class='ocrx_word' id='word_1_53' title='bbox 200 879 348 924; x_wconf 86' lang='lat' dir='ltr'>exercens</span> <span class='ocrx_word' id='word_1_54' title='bbox 370 865 471 922; x_wconf 90' lang='lat' dir='ltr'>lacere</span> <span class='ocrx_word' id='word_1_55' title='bbox 492 861 632 922; x_wconf 86' lang='lat' dir='ltr'>iniuriam</span> <span class='ocrx_word' id='word_1_56' title='bbox 653 860 769 936; x_wconf 87' lang='lat' dir='ltr'>possit,</span> <span class='ocrx_word' id='word_1_57' title='bbox 789 858 839 918; x_wconf 92' lang='lat' dir='ltr'>cui</span> <span class='ocrx_word' id='word_1_58' title='bbox 860 859 971 919; x_wconf 91' lang='lat' dir='ltr'>bellum</span> <span class='ocrx_word' id='word_1_59' title='bbox 994 867 1023 918; x_wconf 92' lang='lat' dir='ltr'>et</span> <span class='ocrx_word' id='word_1_60' title='bbox 1037 860 1138 920; x_wconf 88' lang='lat' dir='ltr'>hostis</span> <span class='ocrx_word' id='word_1_61' title='bbox 1153 867 1189 918; x_wconf 84' lang='lat' dir='ltr'>et</span> 
     </span>
     <span class='ocr_line' id='line_1_8' title="bbox 199 943 1186 1022; baseline -0.005 -16"><span class='ocrx_word' id='word_1_62' title='bbox 199 948 249 1006; x_wconf 93' lang='lat' dir='ltr'>ille</span> <span class='ocrx_word' id='word_1_63' title='bbox 264 947 417 1022; x_wconf 83' lang='lat' dir='ltr'>egregiam</span> <span class='ocrx_word' id='word_1_64' title='bbox 438 953 533 1006; x_wconf 88' lang='lat' dir='ltr'>artem</span> <span class='ocrx_word' id='word_1_65' title='bbox 549 945 793 1020; x_wconf 85' lang='lat' dir='ltr'>quassandarum</span> <span class='ocrx_word' id='word_1_66' title='bbox 808 943 926 1003; x_wconf 90' lang='lat' dir='ltr'>urbium</span> <span class='ocrx_word' id='word_1_67' title='bbox 945 946 1106 1018; x_wconf 80' lang='lat' dir='ltr'>protessus</span> <span class='ocrx_word' id='word_1_68' title='bbox 1123 945 1186 1004; x_wconf 87' lang='lat' dir='ltr'>eri-</span> 
     </span>
    </p>

    <p class='ocr_par' dir='ltr' id='par_1_4' title="bbox 171 1027 1186 1605">
     <span class='ocr_line' id='line_1_9' title="bbox 171 1027 1186 1106; baseline -0.004 -16"><span class='ocrx_word' id='word_1_69' title='bbox 171 1040 273 1106; x_wconf 74' lang='lat' dir='ltr'>ipere</span> <span class='ocrx_word' id='word_1_70' title='bbox 288 1031 360 1089; x_wconf 88' lang='lat' dir='ltr'>nihil</span> <span class='ocrx_word' id='word_1_71' title='bbox 375 1030 480 1106; x_wconf 90' lang='lat' dir='ltr'>potuit.</span> <span class='ocrx_word' id='word_1_72' title='bbox 508 1029 588 1090; x_wconf 88' lang='lat' dir='ltr'>Inter</span> <span class='ocrx_word' id='word_1_73' title='bbox 603 1029 749 1088; x_wconf 88' lang='lat' dir='ltr'>micantes</span> <span class='ocrx_word' id='word_1_74' title='bbox 765 1027 880 1102; x_wconf 91' lang='lat' dir='ltr'>ubique</span> <span class='ocrx_word' id='word_1_75' title='bbox 894 1027 1014 1102; x_wconf 90' lang='lat' dir='ltr'>gladios</span> <span class='ocrx_word' id='word_1_76' title='bbox 1031 1037 1060 1088; x_wconf 92' lang='lat' dir='ltr'>et</span> <span class='ocrx_word' id='word_1_77' title='bbox 1074 1027 1186 1088; x_wconf 91' lang='lat' dir='ltr'>milita-</span> 
     </span>
     <span class='ocr_line' id='line_1_10' title="bbox 199 1111 1186 1189; baseline -0.003 -16"><span class='ocrx_word' id='word_1_78' title='bbox 199 1131 263 1174; x_wconf 91' lang='lat' dir='ltr'>rem</span> <span class='ocrx_word' id='word_1_79' title='bbox 277 1115 307 1173; x_wconf 94' lang='lat' dir='ltr'>in</span> <span class='ocrx_word' id='word_1_80' title='bbox 323 1114 431 1189; x_wconf 89' lang='lat' dir='ltr'>rapina</span> <span class='ocrx_word' id='word_1_81' title='bbox 445 1115 611 1186; x_wconf 86' lang='lat' dir='ltr'>tumultum,</span> <span class='ocrx_word' id='word_1_82' title='bbox 627 1113 705 1174; x_wconf 90' lang='lat' dir='ltr'>inter</span> <span class='ocrx_word' id='word_1_83' title='bbox 719 1111 857 1170; x_wconf 74' lang='lat' dir='ltr'>flammas</span> <span class='ocrx_word' id='word_1_84' title='bbox 870 1121 900 1172; x_wconf 88' lang='lat' dir='ltr'>ct</span> <span class='ocrx_word' id='word_1_85' title='bbox 912 1111 1092 1186; x_wconf 88' lang='lat' dir='ltr'>sanguinem</span> <span class='ocrx_word' id='word_1_86' title='bbox 1104 1120 1186 1171; x_wconf 86' lang='lat' dir='ltr'>stra-</span> 
     </span>
     <span class='ocr_line' id='line_1_11' title="bbox 198 1197 1183 1274; baseline -0.004 -16"><span class='ocrx_word' id='word_1_87' title='bbox 198 1214 330 1274; x_wconf 91' lang='lat' dir='ltr'>gemque</span> <span class='ocrx_word' id='word_1_88' title='bbox 345 1197 495 1272; x_wconf 89' lang='lat' dir='ltr'>impulsae</span> <span class='ocrx_word' id='word_1_89' title='bbox 510 1197 652 1269; x_wconf 89' lang='lat' dir='ltr'>civitatis,</span> <span class='ocrx_word' id='word_1_90' title='bbox 674 1197 752 1256; x_wconf 88' lang='lat' dir='ltr'>inter</span> <span class='ocrx_word' id='word_1_91' title='bbox 768 1198 918 1270; x_wconf 83' lang='lat' dir='ltr'>fragorem</span> <span class='ocrx_word' id='word_1_92' title='bbox 933 1197 1115 1270; x_wconf 89' lang='lat' dir='ltr'>templorum</span> <span class='ocrx_word' id='word_1_93' title='bbox 1130 1212 1183 1254; x_wconf 92' lang='lat' dir='ltr'>su·</span> 
     </span>
     <span class='ocr_line' id='line_1_12' title="bbox 199 1280 1184 1357; baseline -0.004 -15"><span class='ocrx_word' id='word_1_94' title='bbox 199 1299 254 1357; x_wconf 89' lang='lat' dir='ltr'>per</span> <span class='ocrx_word' id='word_1_95' title='bbox 274 1283 351 1342; x_wconf 88' lang='lat' dir='ltr'>deos</span> <span class='ocrx_word' id='word_1_96' title='bbox 374 1283 545 1342; x_wconf 84' lang='lat' dir='ltr'>cadentium</span> <span class='ocrx_word' id='word_1_97' title='bbox 563 1281 615 1340; x_wconf 93' lang='lat' dir='ltr'>uni</span> <span class='ocrx_word' id='word_1_98' title='bbox 631 1280 745 1340; x_wconf 89' lang='lat' dir='ltr'>homini</span> <span class='ocrx_word' id='word_1_99' title='bbox 760 1297 822 1356; x_wconf 85' lang='lat' dir='ltr'>pax</span> <span class='ocrx_word' id='word_1_100' title='bbox 838 1281 907 1340; x_wconf 83' lang='lat' dir='ltr'>luit=</span> <span class='ocrx_word' id='word_1_101' title='bbox 929 1297 990 1338; x_wconf 90' lang='lat' dir='ltr'>non</span> <span class='ocrx_word' id='word_1_102' title='bbox 1005 1287 1053 1340; x_wconf 89' lang='lat' dir='ltr'>est</span> <span class='ocrx_word' id='word_1_103' title='bbox 1066 1281 1184 1354; x_wconf 89' lang='lat' dir='ltr'>itaque,</span> 
     </span>
     <span class='ocr_line' id='line_1_13' title="bbox 200 1363 1184 1442; baseline -0.007 -15"><span class='ocrx_word' id='word_1_104' title='bbox 200 1367 284 1442; x_wconf 92' lang='lat' dir='ltr'>quod</span> <span class='ocrx_word' id='word_1_105' title='bbox 299 1367 401 1426; x_wconf 86' lang='lat' dir='ltr'>audax</span> <span class='ocrx_word' id='word_1_106' title='bbox 415 1365 748 1440; x_wconf 87' lang='lat' dir='ltr'>iudicespromissum,</span> <span class='ocrx_word' id='word_1_107' title='bbox 764 1364 852 1426; x_wconf 91' lang='lat' dir='ltr'>cuius</span> <span class='ocrx_word' id='word_1_108' title='bbox 868 1364 934 1438; x_wconf 91' lang='lat' dir='ltr'>tibi,</span> <span class='ocrx_word' id='word_1_109' title='bbox 950 1363 1096 1438; x_wconf 91' lang='lat' dir='ltr'>siparum</span> <span class='ocrx_word' id='word_1_110' title='bbox 1108 1363 1184 1422; x_wconf 88' lang='lat' dir='ltr'>fidei</span> 
     </span>
     <span class='ocr_line' id='line_1_14' title="bbox 198 1446 1185 1524; baseline -0.002 -16"><span class='ocrx_word' id='word_1_111' title='bbox 198 1451 313 1524; x_wconf 80' lang='lat' dir='ltr'>liabeo,</span> <span class='ocrx_word' id='word_1_112' title='bbox 329 1465 511 1524; x_wconf 89' lang='lat' dir='ltr'>sponsorem</span> <span class='ocrx_word' id='word_1_113' title='bbox 525 1449 615 1508; x_wconf 88' lang='lat' dir='ltr'>dabo.</span> <span class='ocrx_word' id='word_1_114' title='bbox 637 1449 688 1506; x_wconf 89' lang='lat' dir='ltr'>vix</span> <span class='ocrx_word' id='word_1_115' title='bbox 699 1448 779 1507; x_wconf 91' lang='lat' dir='ltr'>enim</span> <span class='ocrx_word' id='word_1_116' title='bbox 790 1449 891 1507; x_wconf 89' lang='lat' dir='ltr'>credis</span> <span class='ocrx_word' id='word_1_117' title='bbox 903 1455 1017 1507; x_wconf 89' lang='lat' dir='ltr'>tantum</span> <span class='ocrx_word' id='word_1_118' title='bbox 1031 1446 1185 1520; x_wconf 83' lang='lat' dir='ltr'>firmitatis</span> 
     </span>
     <span class='ocr_line' id='line_1_15' title="bbox 199 1529 1186 1605; baseline -0.004 -12"><span class='ocrx_word' id='word_1_119' title='bbox 199 1534 229 1594; x_wconf 92' lang='lat' dir='ltr'>in</span> <span class='ocrx_word' id='word_1_120' title='bbox 245 1535 399 1593; x_wconf 89' lang='lat' dir='ltr'>hominem</span> <span class='ocrx_word' id='word_1_121' title='bbox 421 1539 473 1591; x_wconf 83' lang='lat' dir='ltr'>aut</span> <span class='ocrx_word' id='word_1_122' title='bbox 487 1539 599 1592; x_wconf 87' lang='lat' dir='ltr'>tantam</span> <span class='ocrx_word' id='word_1_123' title='bbox 614 1531 707 1590; x_wconf 91' lang='lat' dir='ltr'>animi</span> <span class='ocrx_word' id='word_1_124' title='bbox 721 1531 957 1605; x_wconf 87' lang='lat' dir='ltr'>magnitudinem</span> <span class='ocrx_word' id='word_1_125' title='bbox 975 1529 1094 1590; x_wconf 82' lang='lat' dir='ltr'>cader&#39;e.</span> <span class='ocrx_word' id='word_1_126' title='bbox 1124 1532 1186 1590; x_wconf 91' lang='lat' dir='ltr'>sed</span> 
     </span>
    </p>

    <p class='ocr_par' dir='ltr' id='par_1_5' title="bbox 100 1615 1186 3190">
     <span class='ocr_line' id='line_1_16' title="bbox 169 1615 1183 1692; baseline -0.004 -16"><span class='ocrx_word' id='word_1_127' title='bbox 169 1619 225 1676; x_wconf 77' lang='lat' dir='ltr'>ssi</span> <span class='ocrx_word' id='word_1_128' title='bbox 239 1617 342 1692; x_wconf 90' lang='lat' dir='ltr'>prodit</span> <span class='ocrx_word' id='word_1_129' title='bbox 355 1617 385 1674; x_wconf 93' lang='lat' dir='ltr'>in</span> <span class='ocrx_word' id='word_1_130' title='bbox 401 1617 534 1675; x_wconf 93' lang='lat' dir='ltr'>medium</span> <span class='ocrx_word' id='word_1_131' title='bbox 549 1616 601 1689; x_wconf 92' lang='lat' dir='ltr'>qui</span> <span class='ocrx_word' id='word_1_132' title='bbox 617 1615 712 1674; x_wconf 68' lang='lat' dir='ltr'>dicae</span> <span class='ocrx_word' id='word_1_133' title='bbox 727 1631 809 1688; x_wconf 91' lang='lat' dir='ltr'>„non</span> <span class='ocrx_word' id='word_1_134' title='bbox 825 1615 972 1690; x_wconf 87' lang='lat' dir='ltr'>estquod</span> <span class='ocrx_word' id='word_1_135' title='bbox 988 1615 1124 1688; x_wconf 89' lang='lat' dir='ltr'>dubites,</span> <span class='ocrx_word' id='word_1_136' title='bbox 1142 1632 1183 1673; x_wconf 91' lang='lat' dir='ltr'>an</span> 
     </span>
     <span class='ocr_line' id='line_1_17' title="bbox 199 1698 1184 1774; baseline 0 -14"><span class='ocrx_word' id='word_1_137' title='bbox 199 1699 346 1760; x_wconf 85' lang='lat' dir='ltr'>adtollere</span> <span class='ocrx_word' id='word_1_138' title='bbox 369 1715 404 1758; x_wconf 90' lang='lat' dir='ltr'>se</span> <span class='ocrx_word' id='word_1_139' title='bbox 424 1699 515 1759; x_wconf 90' lang='lat' dir='ltr'>homo</span> <span class='ocrx_word' id='word_1_140' title='bbox 538 1705 627 1758; x_wconf 89' lang='lat' dir='ltr'>natus</span> <span class='ocrx_word' id='word_1_141' title='bbox 643 1714 737 1773; x_wconf 87' lang='lat' dir='ltr'>supra</span> <span class='ocrx_word' id='word_1_142' title='bbox 753 1698 885 1758; x_wconf 89' lang='lat' dir='ltr'>humana</span> <span class='ocrx_word' id='word_1_143' title='bbox 899 1698 1014 1774; x_wconf 89' lang='lat' dir='ltr'>possit,</span> <span class='ocrx_word' id='word_1_144' title='bbox 1038 1715 1077 1758; x_wconf 92' lang='lat' dir='ltr'>an</span> <span class='ocrx_word' id='word_1_145' title='bbox 1093 1699 1184 1760; x_wconf 90' lang='lat' dir='ltr'>dolo-</span> 
     </span>
     <span class='ocr_line' id='line_1_18' title="bbox 197 1783 1186 1858; baseline -0.002 -16"><span class='ocrx_word' id='word_1_146' title='bbox 197 1799 266 1856; x_wconf 88' lang='lat' dir='ltr'>res,</span> <span class='ocrx_word' id='word_1_147' title='bbox 283 1785 409 1856; x_wconf 86' lang='lat' dir='ltr'>damna,</span> <span class='ocrx_word' id='word_1_148' title='bbox 423 1783 639 1856; x_wconf 87' lang='lat' dir='ltr'>ulcerationes‚</span> <span class='ocrx_word' id='word_1_149' title='bbox 655 1785 796 1856; x_wconf 89' lang='lat' dir='ltr'>volnera,</span> <span class='ocrx_word' id='word_1_150' title='bbox 818 1799 947 1858; x_wconf 85' lang='lat' dir='ltr'>magnos</span> <span class='ocrx_word' id='word_1_151' title='bbox 962 1791 1063 1844; x_wconf 91' lang='lat' dir='ltr'>motus</span> <span class='ocrx_word' id='word_1_152' title='bbox 1078 1799 1186 1842; x_wconf 90' lang='lat' dir='ltr'>rerum</span> 
     </span>
     <span class='ocr_line' id='line_1_19' title="bbox 199 1867 1184 1942; baseline 0 -16"><span class='ocrx_word' id='word_1_153' title='bbox 199 1868 281 1928; x_wconf 86' lang='lat' dir='ltr'>eirca</span> <span class='ocrx_word' id='word_1_154' title='bbox 295 1883 330 1927; x_wconf 90' lang='lat' dir='ltr'>se</span> <span class='ocrx_word' id='word_1_155' title='bbox 346 1868 534 1928; x_wconf 81' lang='lat' dir='ltr'>trementium</span> <span class='ocrx_word' id='word_1_156' title='bbox 550 1883 678 1926; x_wconf 88' lang='lat' dir='ltr'>securus</span> <span class='ocrx_word' id='word_1_157' title='bbox 694 1867 844 1942; x_wconf 87' lang='lat' dir='ltr'>adspiciat</span> <span class='ocrx_word' id='word_1_158' title='bbox 865 1875 895 1927; x_wconf 90' lang='lat' dir='ltr'>et</span> <span class='ocrx_word' id='word_1_159' title='bbox 909 1868 986 1927; x_wconf 87' lang='lat' dir='ltr'>dura</span> <span class='ocrx_word' id='word_1_160' title='bbox 1000 1867 1122 1941; x_wconf 87' lang='lat' dir='ltr'>placide</span> <span class='ocrx_word' id='word_1_161' title='bbox 1137 1869 1151 1926; x_wconf 84' lang='lat' dir='ltr'>i</span> <span class='ocrx_word' id='word_1_162' title='bbox 1170 1898 1184 1907; x_wconf 92' lang='lat'><em>-</em></span> 
     </span>
     <span class='ocr_line' id='line_1_20' title="bbox 198 1950 1182 2024; baseline 0 -13"><span class='ocrx_word' id='word_1_163' title='bbox 198 1958 245 2011; x_wconf 88' lang='lat' dir='ltr'>rat</span> <span class='ocrx_word' id='word_1_164' title='bbox 260 1957 291 2010; x_wconf 87' lang='lat' dir='ltr'>et</span> <span class='ocrx_word' id='word_1_165' title='bbox 304 1952 441 2011; x_wconf 88' lang='lat' dir='ltr'>secunda</span> <span class='ocrx_word' id='word_1_166' title='bbox 456 1951 629 2024; x_wconf 91' lang='lat' dir='ltr'>moderate,</span> <span class='ocrx_word' id='word_1_167' title='bbox 651 1967 708 2010; x_wconf 91' lang='lat' dir='ltr'>nec</span> <span class='ocrx_word' id='word_1_168' title='bbox 728 1950 787 2010; x_wconf 93' lang='lat' dir='ltr'>illis</span> <span class='ocrx_word' id='word_1_169' title='bbox 807 1951 922 2011; x_wconf 91' lang='lat' dir='ltr'>cedens</span> <span class='ocrx_word' id='word_1_170' title='bbox 937 1967 993 2010; x_wconf 90' lang='lat' dir='ltr'>nec</span> <span class='ocrx_word' id='word_1_171' title='bbox 1008 1951 1056 2012; x_wconf 89' lang='lat' dir='ltr'>his</span> <span class='ocrx_word' id='word_1_172' title='bbox 1072 1953 1182 2020; x_wconf 81' lang='lat' dir='ltr'>fretus,</span> 
     </span>
     <span class='ocr_line' id='line_1_21' title="bbox 198 2033 1184 2110; baseline 0 -15"><span class='ocrx_word' id='word_1_173' title='bbox 198 2051 278 2096; x_wconf 90' lang='lat' dir='ltr'>uuus</span> <span class='ocrx_word' id='word_1_174' title='bbox 295 2036 439 2110; x_wconf 88' lang='lat' dir='ltr'>idemque</span> <span class='ocrx_word' id='word_1_175' title='bbox 458 2035 537 2094; x_wconf 89' lang='lat' dir='ltr'>inter</span> <span class='ocrx_word' id='word_1_176' title='bbox 558 2034 681 2094; x_wconf 90' lang='lat' dir='ltr'>diversa</span> <span class='ocrx_word' id='word_1_177' title='bbox 701 2035 741 2094; x_wconf 88' lang='lat' dir='ltr'>sit</span> <span class='ocrx_word' id='word_1_178' title='bbox 756 2051 812 2094; x_wconf 89' lang='lat' dir='ltr'>nec</span> <span class='ocrx_word' id='word_1_179' title='bbox 834 2034 1000 2110; x_wconf 91' lang='lat' dir='ltr'>quicquam</span> <span class='ocrx_word' id='word_1_180' title='bbox 1015 2051 1105 2096; x_wconf 91' lang='lat' dir='ltr'>suum</span> <span class='ocrx_word' id='word_1_181' title='bbox 1121 2033 1184 2095; x_wconf 88' lang='lat' dir='ltr'>nisi</span> 
     </span>
     <span class='ocr_line' id='line_1_22' title="bbox 169 2119 1183 2194; baseline 0.004 -20"><span class='ocrx_word' id='word_1_182' title='bbox 169 2119 232 2177; x_wconf 83' lang='lat' dir='ltr'>4se</span> <span class='ocrx_word' id='word_1_183' title='bbox 255 2125 340 2193; x_wconf 92' lang='lat' dir='ltr'>putet</span> <span class='ocrx_word' id='word_1_184' title='bbox 361 2135 447 2189; x_wconf 89' lang='lat' dir='ltr'>esse,</span> <span class='ocrx_word' id='word_1_185' title='bbox 472 2120 506 2178; x_wconf 78' lang='lat' dir='ltr'>id</span> <span class='ocrx_word' id='word_1_186' title='bbox 526 2133 652 2193; x_wconf 91' lang='lat' dir='ltr'>quoque</span> <span class='ocrx_word' id='word_1_187' title='bbox 673 2134 709 2177; x_wconf 91' lang='lat' dir='ltr'>ea</span> <span class='ocrx_word' id='word_1_188' title='bbox 729 2125 830 2193; x_wconf 89' lang='lat' dir='ltr'>parte,</span> <span class='ocrx_word' id='word_1_189' title='bbox 854 2137 916 2194; x_wconf 90' lang='lat' dir='ltr'>qua</span> <span class='ocrx_word' id='word_1_190' title='bbox 930 2120 1038 2180; x_wconf 90' lang='lat' dir='ltr'>melior</span> <span class='ocrx_word' id='word_1_191' title='bbox 1057 2127 1118 2179; x_wconf 85' lang='lat' dir='ltr'>est:</span> <span class='ocrx_word' id='word_1_192' title='bbox 1142 2136 1183 2178; x_wconf 91' lang='lat' dir='ltr'>en</span> 
     </span>
     <span class='ocr_line' id='line_1_23' title="bbox 197 2201 1184 2278; baseline 0.002 -18"><span class='ocrx_word' id='word_1_193' title='bbox 197 2203 306 2262; x_wconf 88' lang='lat' dir='ltr'>adsum</span> <span class='ocrx_word' id='word_1_194' title='bbox 320 2201 379 2262; x_wconf 88' lang='lat' dir='ltr'>hoc</span> <span class='ocrx_word' id='word_1_195' title='bbox 395 2201 483 2262; x_wconf 90' lang='lat' dir='ltr'>vobis</span> <span class='ocrx_word' id='word_1_196' title='bbox 498 2202 697 2278; x_wconf 88' lang='lat' dir='ltr'>probaturus,</span> <span class='ocrx_word' id='word_1_197' title='bbox 719 2203 776 2262; x_wconf 92' lang='lat' dir='ltr'>sub</span> <span class='ocrx_word' id='word_1_198' title='bbox 790 2202 850 2262; x_wconf 91' lang='lat' dir='ltr'>istc</span> <span class='ocrx_word' id='word_1_199' title='bbox 866 2209 910 2264; x_wconf 90' lang='lat' dir='ltr'>tot</span> <span class='ocrx_word' id='word_1_200' title='bbox 924 2204 1075 2264; x_wconf 90' lang='lat' dir='ltr'>civitatum</span> <span class='ocrx_word' id='word_1_201' title='bbox 1092 2218 1184 2262; x_wconf 86' lang='lat' dir='ltr'>ever·</span> 
     </span>
     <span class='ocr_line' id='line_1_24' title="bbox 197 2286 1181 2350; baseline 0.003 -6"><span class='ocrx_word' id='word_1_202' title='bbox 197 2302 268 2346; x_wconf 89' lang='lat' dir='ltr'>sore</span> <span class='ocrx_word' id='word_1_203' title='bbox 282 2286 467 2350; x_wconf 87' lang='lat' dir='ltr'>munimenta</span> <span class='ocrx_word' id='word_1_204' title='bbox 482 2286 609 2346; x_wconf 91' lang='lat' dir='ltr'>incussu</span> <span class='ocrx_word' id='word_1_205' title='bbox 624 2287 725 2347; x_wconf 82' lang='lat' dir='ltr'>arietis</span> <span class='ocrx_word' id='word_1_206' title='bbox 740 2287 877 2346; x_wconf 86' lang='lat' dir='ltr'>labefieri</span> <span class='ocrx_word' id='word_1_207' title='bbox 891 2295 922 2347; x_wconf 88' lang='lat' dir='ltr'>et</span> <span class='ocrx_word' id='word_1_208' title='bbox 939 2289 1064 2348; x_wconf 89' lang='lat' dir='ltr'>turrium</span> <span class='ocrx_word' id='word_1_209' title='bbox 1079 2287 1181 2347; x_wconf 90' lang='lat' dir='ltr'>altitu-</span> 
     </span>
     <span class='ocr_line' id='line_1_25' title="bbox 198 2369 1185 2447; baseline 0.004 -19"><span class='ocrx_word' id='word_1_210' title='bbox 198 2369 300 2429; x_wconf 93' lang='lat' dir='ltr'>dinem</span> <span class='ocrx_word' id='word_1_211' title='bbox 321 2371 468 2430; x_wconf 89' lang='lat' dir='ltr'>cuniculis</span> <span class='ocrx_word' id='word_1_212' title='bbox 490 2386 527 2430; x_wconf 87' lang='lat' dir='ltr'>ac</span> <span class='ocrx_word' id='word_1_213' title='bbox 547 2370 709 2430; x_wconf 86' lang='lat' dir='ltr'>latentibus</span> <span class='ocrx_word' id='word_1_214' title='bbox 730 2371 824 2430; x_wconf 86' lang='lat' dir='ltr'>fossis</span> <span class='ocrx_word' id='word_1_215' title='bbox 845 2380 971 2447; x_wconf 87' lang='lat' dir='ltr'>repente</span> <span class='ocrx_word' id='word_1_216' title='bbox 992 2371 1135 2432; x_wconf 88' lang='lat' dir='ltr'>desidere</span> <span class='ocrx_word' id='word_1_217' title='bbox 1150 2380 1185 2432; x_wconf 88' lang='lat' dir='ltr'>et</span> 
     </span>
     <span class='ocr_line' id='line_1_26' title="bbox 197 2455 1184 2530; baseline 0.002 -18"><span class='ocrx_word' id='word_1_218' title='bbox 197 2461 398 2528; x_wconf 90' lang='lat' dir='ltr'>aequaturum</span> <span class='ocrx_word' id='word_1_219' title='bbox 413 2455 597 2516; x_wconf 89' lang='lat' dir='ltr'>editissimas</span> <span class='ocrx_word' id='word_1_220' title='bbox 613 2470 701 2514; x_wconf 88' lang='lat' dir='ltr'>arces</span> <span class='ocrx_word' id='word_1_221' title='bbox 717 2471 859 2530; x_wconf 88' lang='lat' dir='ltr'>aggerem</span> <span class='ocrx_word' id='word_1_222' title='bbox 875 2472 1030 2530; x_wconf 88' lang='lat' dir='ltr'>crescere,</span> <span class='ocrx_word' id='word_1_223' title='bbox 1052 2463 1082 2514; x_wconf 89' lang='lat' dir='ltr'>at</span> <span class='ocrx_word' id='word_1_224' title='bbox 1096 2456 1184 2514; x_wconf 87' lang='lat' dir='ltr'>nulla</span> 
     </span>
     <span class='ocr_line' id='line_1_27' title="bbox 100 2537 1181 2614; baseline 0.001 -18"><span class='ocrx_word' id='word_1_225' title='bbox 100 2560 102 2564; x_wconf 51' lang='lat'><strong><em>¹</em></strong></span> <span class='ocrx_word' id='word_1_226' title='bbox 198 2537 441 2599; x_wconf 87' lang='lat' dir='ltr'>machinamenta</span> <span class='ocrx_word' id='word_1_227' title='bbox 461 2555 555 2614; x_wconf 89' lang='lat' dir='ltr'>posse</span> <span class='ocrx_word' id='word_1_228' title='bbox 578 2539 720 2614; x_wconf 87' lang='lat' dir='ltr'>reperiri,</span> <span class='ocrx_word' id='word_1_229' title='bbox 742 2555 821 2614; x_wconf 85' lang='lat' dir='ltr'>quae</span> <span class='ocrx_word' id='word_1_230' title='bbox 843 2540 921 2600; x_wconf 89' lang='lat' dir='ltr'>bene</span> <span class='ocrx_word' id='word_1_231' title='bbox 942 2541 1098 2600; x_wconf 83' lang='lat' dir='ltr'>fundatum</span> <span class='ocrx_word' id='word_1_232' title='bbox 1114 2537 1181 2598; x_wconf 88' lang='lat' dir='ltr'>ani-</span> 
     </span>
     <span class='ocr_line' id='line_1_28' title="bbox 168 2623 1181 2700; baseline 0.003 -21"><span class='ocrx_word' id='word_1_233' title='bbox 168 2629 276 2682; x_wconf 78' lang='lat' dir='ltr'>omum</span> <span class='ocrx_word' id='word_1_234' title='bbox 294 2625 415 2698; x_wconf 86' lang='lat' dir='ltr'>agitent.</span> <span class='ocrx_word' id='word_1_235' title='bbox 447 2623 557 2698; x_wconf 80' lang='lat' dir='ltr'>Erepsi</span> <span class='ocrx_word' id='word_1_236' title='bbox 578 2625 670 2684; x_wconf 89' lang='lat' dir='ltr'>modo</span> <span class='ocrx_word' id='word_1_237' title='bbox 686 2639 704 2682; x_wconf 92' lang='lat' dir='ltr'>e</span> <span class='ocrx_word' id='word_1_238' title='bbox 718 2623 813 2683; x_wconf 89' lang='lat' dir='ltr'>ruinis</span> <span class='ocrx_word' id='word_1_239' title='bbox 835 2624 960 2700; x_wconf 88' lang='lat' dir='ltr'>domus,</span> <span class='ocrx_word' id='word_1_240' title='bbox 983 2632 1013 2684; x_wconf 91' lang='lat' dir='ltr'>et</span> <span class='ocrx_word' id='word_1_241' title='bbox 1026 2623 1181 2683; x_wconf 89' lang='lat' dir='ltr'>incendiis</span> 
     </span>
     <span class='ocr_line' id='line_1_29' title="bbox 197 2706 1180 2782; baseline 0 -16"><span class='ocrx_word' id='word_1_242' title='bbox 197 2706 334 2782; x_wconf 91' lang='lat' dir='ltr'>undique</span> <span class='ocrx_word' id='word_1_243' title='bbox 354 2708 561 2768; x_wconf 88' lang='lat' dir='ltr'>relucentibus</span> <span class='ocrx_word' id='word_1_244' title='bbox 576 2706 716 2767; x_wconf 89' lang='lat' dir='ltr'>flammas</span> <span class='ocrx_word' id='word_1_245' title='bbox 733 2723 787 2782; x_wconf 90' lang='lat' dir='ltr'>per</span> <span class='ocrx_word' id='word_1_246' title='bbox 802 2710 983 2782; x_wconf 89' lang='lat' dir='ltr'>sanguinem</span> <span class='ocrx_word' id='word_1_247' title='bbox 999 2708 1070 2782; x_wconf 88' lang='lat' dir='ltr'>lugi.</span> <span class='ocrx_word' id='word_1_248' title='bbox 1097 2708 1180 2767; x_wconf 86' lang='lat' dir='ltr'>filias</span> 
     </span>
     <span class='ocr_line' id='line_1_30' title="bbox 196 2791 1181 2873; baseline 0.001 -25"><span class='ocrx_word' id='word_1_249' title='bbox 196 2805 281 2848; x_wconf 90' lang='lat' dir='ltr'>meas</span> <span class='ocrx_word' id='word_1_250' title='bbox 305 2791 373 2865; x_wconf 91' lang='lat' dir='ltr'>quis</span> <span class='ocrx_word' id='word_1_251' title='bbox 390 2807 481 2850; x_wconf 90' lang='lat' dir='ltr'>casus</span> <span class='ocrx_word' id='word_1_252' title='bbox 498 2791 622 2864; x_wconf 84' lang='lat' dir='ltr'>babeat,</span> <span class='ocrx_word' id='word_1_253' title='bbox 644 2807 682 2851; x_wconf 89' lang='lat' dir='ltr'>an</span> <span class='ocrx_word' id='word_1_254' title='bbox 704 2791 792 2866; x_wconf 88' lang='lat' dir='ltr'>peior</span> <span class='ocrx_word' id='word_1_255' title='bbox 808 2792 930 2873; x_wconf 90' lang='lat' dir='ltr'>publico</span> <span class='ocrx_word' id='word_1_256' title='bbox 946 2793 1061 2852; x_wconf 90' lang='lat' dir='ltr'>nescio.</span> <span class='ocrx_word' id='word_1_257' title='bbox 1091 2792 1181 2852; x_wconf 89' lang='lat' dir='ltr'>sulus</span> 
     </span>
     <span class='ocr_line' id='line_1_31' title="bbox 196 2873 1181 2949; baseline 0 -17"><span class='ocrx_word' id='word_1_258' title='bbox 196 2880 226 2933; x_wconf 91' lang='lat' dir='ltr'>et</span> <span class='ocrx_word' id='word_1_259' title='bbox 241 2874 344 2934; x_wconf 90' lang='lat' dir='ltr'>senior</span> <span class='ocrx_word' id='word_1_260' title='bbox 356 2881 385 2934; x_wconf 91' lang='lat' dir='ltr'>et</span> <span class='ocrx_word' id='word_1_261' title='bbox 396 2874 518 2934; x_wconf 86' lang='lat' dir='ltr'>hostilia</span> <span class='ocrx_word' id='word_1_262' title='bbox 529 2873 610 2934; x_wconf 86' lang='lat' dir='ltr'>circa</span> <span class='ocrx_word' id='word_1_263' title='bbox 621 2890 670 2934; x_wconf 91' lang='lat' dir='ltr'>me</span> <span class='ocrx_word' id='word_1_264' title='bbox 683 2876 784 2936; x_wconf 92' lang='lat' dir='ltr'>omnia</span> <span class='ocrx_word' id='word_1_265' title='bbox 797 2877 905 2936; x_wconf 90' lang='lat' dir='ltr'>videns</span> <span class='ocrx_word' id='word_1_266' title='bbox 917 2885 1016 2936; x_wconf 84' lang='lat' dir='ltr'>tamen</span> <span class='ocrx_word' id='word_1_267' title='bbox 1028 2876 1181 2949; x_wconf 89' lang='lat' dir='ltr'>integrum</span> 
     </span>
     <span class='ocr_line' id='line_1_32' title="bbox 195 2956 1181 3036; baseline 0.002 -20"><span class='ocrx_word' id='word_1_268' title='bbox 195 2956 439 3031; x_wconf 87' lang='lat' dir='ltr'>incolumemque</span> <span class='ocrx_word' id='word_1_269' title='bbox 454 2973 529 3018; x_wconf 84' lang='lat' dir='ltr'>esse</span> <span class='ocrx_word' id='word_1_270' title='bbox 538 2973 664 3018; x_wconf 87' lang='lat' dir='ltr'>censum</span> <span class='ocrx_word' id='word_1_271' title='bbox 678 2975 779 3019; x_wconf 91' lang='lat' dir='ltr'>meum</span> <span class='ocrx_word' id='word_1_272' title='bbox 793 2961 954 3035; x_wconf 86' lang='lat' dir='ltr'>profiteor:</span> <span class='ocrx_word' id='word_1_273' title='bbox 965 2967 1064 3036; x_wconf 88' lang='lat' dir='ltr'>teneo,</span> <span class='ocrx_word' id='word_1_274' title='bbox 1077 2959 1181 3020; x_wconf 88' lang='lat' dir='ltr'>habeo</span> 
     </span>
     <span class='ocr_line' id='line_1_33' title="bbox 167 3039 1182 3118; baseline 0.001 -18"><span class='ocrx_word' id='word_1_275' title='bbox 167 3041 341 3116; x_wconf 75' lang='lat' dir='ltr'>equiequid</span> <span class='ocrx_word' id='word_1_276' title='bbox 354 3042 412 3100; x_wconf 95' lang='lat' dir='ltr'>mei</span> <span class='ocrx_word' id='word_1_277' title='bbox 423 3039 525 3100; x_wconf 91' lang='lat' dir='ltr'>habui.</span> <span class='ocrx_word' id='word_1_278' title='bbox 548 3041 615 3102; x_wconf 89' lang='lat' dir='ltr'>Non</span> <span class='ocrx_word' id='word_1_279' title='bbox 626 3047 674 3102; x_wconf 89' lang='lat' dir='ltr'>est</span> <span class='ocrx_word' id='word_1_280' title='bbox 685 3043 768 3118; x_wconf 91' lang='lat' dir='ltr'>quod</span> <span class='ocrx_word' id='word_1_281' title='bbox 784 3061 833 3104; x_wconf 89' lang='lat' dir='ltr'>me</span> <span class='ocrx_word' id='word_1_282' title='bbox 847 3045 955 3105; x_wconf 89' lang='lat' dir='ltr'>victum</span> <span class='ocrx_word' id='word_1_283' title='bbox 970 3045 1182 3118; x_wconf 88' lang='lat' dir='ltr'>victoremque</span> 
     </span>
     <span class='ocr_line' id='line_1_34' title="bbox 194 3125 1182 3190; baseline 0.001 -6"><span class='ocrx_word' id='word_1_284' title='bbox 194 3132 224 3184; x_wconf 94' lang='lat' dir='ltr'>te</span> <span class='ocrx_word' id='word_1_285' title='bbox 236 3125 360 3184; x_wconf 85' lang='lat' dir='ltr'>credes:</span> <span class='ocrx_word' id='word_1_286' title='bbox 376 3125 447 3184; x_wconf 88' lang='lat' dir='ltr'>vicit</span> <span class='ocrx_word' id='word_1_287' title='bbox 459 3127 578 3186; x_wconf 83' lang='lat' dir='ltr'>fortuna</span> <span class='ocrx_word' id='word_1_288' title='bbox 593 3135 643 3187; x_wconf 89' lang='lat' dir='ltr'>tua</span> <span class='ocrx_word' id='word_1_289' title='bbox 658 3127 810 3187; x_wconf 80' lang='lat' dir='ltr'>fortunam</span> <span class='ocrx_word' id='word_1_290' title='bbox 822 3145 929 3188; x_wconf 90' lang='lat' dir='ltr'>meam.</span> <span class='ocrx_word' id='word_1_291' title='bbox 952 3127 1070 3190; x_wconf 86' lang='lat' dir='ltr'>caduca</span> <span class='ocrx_word' id='word_1_292' title='bbox 1083 3129 1135 3188; x_wconf 90' lang='lat' dir='ltr'>illa</span> <span class='ocrx_word' id='word_1_293' title='bbox 1150 3134 1182 3186; x_wconf 85' lang='lat' dir='ltr'>et</span> 
     </span>
    </p>
   </div>
   <div class='ocr_carea' id='block_1_3' title="bbox 166 3207 1181 3626">
    <p class='ocr_par' dir='ltr' id='par_1_6' title="bbox 166 3207 1181 3626">
     <span class='ocr_line' id='line_1_35' title="bbox 196 3207 1181 3288; baseline 0.003 -22"><span class='ocrx_word' id='word_1_294' title='bbox 196 3207 352 3268; x_wconf 92' lang='lat' dir='ltr'>dominum</span> <span class='ocrx_word' id='word_1_295' title='bbox 373 3209 519 3270; x_wconf 89' lang='lat' dir='ltr'>mutantia</span> <span class='ocrx_word' id='word_1_296' title='bbox 539 3209 589 3270; x_wconf 90' lang='lat' dir='ltr'>ubi</span> <span class='ocrx_word' id='word_1_297' title='bbox 611 3213 672 3270; x_wconf 91' lang='lat' dir='ltr'>sint</span> <span class='ocrx_word' id='word_1_298' title='bbox 693 3212 814 3272; x_wconf 80' lang='lat' dir='ltr'>nescio:</span> <span class='ocrx_word' id='word_1_299' title='bbox 844 3213 928 3288; x_wconf 90' lang='lat' dir='ltr'>quod</span> <span class='ocrx_word' id='word_1_300' title='bbox 955 3214 995 3273; x_wconf 91' lang='lat' dir='ltr'>ad</span> <span class='ocrx_word' id='word_1_301' title='bbox 1020 3230 1071 3274; x_wconf 89' lang='lat' dir='ltr'>res</span> <span class='ocrx_word' id='word_1_302' title='bbox 1092 3227 1181 3270; x_wconf 80' lang='lat' dir='ltr'>nreas</span> 
     </span>
     <span class='ocr_line' id='line_1_36' title="bbox 166 3291 1177 3368; baseline 0.005 -19"><span class='ocrx_word' id='word_1_303' title='bbox 166 3293 340 3366; x_wconf 73' lang='lat' dir='ltr'>apertinet,</span> <span class='ocrx_word' id='word_1_304' title='bbox 356 3291 474 3354; x_wconf 85' lang='lat' dir='ltr'>mecum</span> <span class='ocrx_word' id='word_1_305' title='bbox 491 3301 576 3368; x_wconf 88' lang='lat' dir='ltr'>sunt,</span> <span class='ocrx_word' id='word_1_306' title='bbox 591 3311 711 3354; x_wconf 91' lang='lat' dir='ltr'>mecum</span> <span class='ocrx_word' id='word_1_307' title='bbox 725 3304 822 3356; x_wconf 88' lang='lat' dir='ltr'>erunt.</span> <span class='ocrx_word' id='word_1_308' title='bbox 851 3295 1053 3358; x_wconf 86' lang='lat' dir='ltr'>Perdiderunt</span> <span class='ocrx_word' id='word_1_309' title='bbox 1066 3297 1117 3358; x_wconf 91' lang='lat' dir='ltr'>isti</span> <span class='ocrx_word' id='word_1_310' title='bbox 1133 3296 1177 3355; x_wconf 80' lang='lat' dir='ltr'>di-</span> 
     </span>
     <span class='ocr_line' id='line_1_37' title="bbox 196 3375 1177 3456; baseline 0.006 -22"><span class='ocrx_word' id='word_1_311' title='bbox 196 3375 272 3434; x_wconf 87' lang='lat' dir='ltr'>vites</span> <span class='ocrx_word' id='word_1_312' title='bbox 289 3376 485 3452; x_wconf 89' lang='lat' dir='ltr'>patrimonia,</span> <span class='ocrx_word' id='word_1_313' title='bbox 506 3377 661 3439; x_wconf 89' lang='lat' dir='ltr'>libidinosi</span> <span class='ocrx_word' id='word_1_314' title='bbox 679 3395 799 3440; x_wconf 91' lang='lat' dir='ltr'>amores</span> <span class='ocrx_word' id='word_1_315' title='bbox 815 3397 890 3442; x_wconf 91' lang='lat' dir='ltr'>suos</span> <span class='ocrx_word' id='word_1_316' title='bbox 906 3388 935 3439; x_wconf 91' lang='lat' dir='ltr'>et</span> <span class='ocrx_word' id='word_1_317' title='bbox 950 3397 1059 3456; x_wconf 87' lang='lat' dir='ltr'>magno</span> <span class='ocrx_word' id='word_1_318' title='bbox 1076 3381 1177 3456; x_wconf 82' lang='lat' dir='ltr'>pudo-</span> 
     </span>
     <span class='ocr_line' id='line_1_38' title="bbox 193 3457 1180 3536; baseline 0.006 -18"><span class='ocrx_word' id='word_1_319' title='bbox 193 3457 236 3519; x_wconf 91' lang='lat' dir='ltr'>ris</span> <span class='ocrx_word' id='word_1_320' title='bbox 257 3461 402 3534; x_wconf 89' lang='lat' dir='ltr'>inpendio</span> <span class='ocrx_word' id='word_1_321' title='bbox 423 3463 666 3536; x_wconf 72' lang='lat' dir='ltr'>dilectamenta,</span> <span class='ocrx_word' id='word_1_322' title='bbox 689 3463 841 3524; x_wconf 87' lang='lat' dir='ltr'>ambitiosi</span> <span class='ocrx_word' id='word_1_323' title='bbox 857 3463 971 3524; x_wconf 88' lang='lat' dir='ltr'>curiam</span> <span class='ocrx_word' id='word_1_324' title='bbox 988 3471 1017 3524; x_wconf 90' lang='lat' dir='ltr'>et</span> <span class='ocrx_word' id='word_1_325' title='bbox 1033 3466 1133 3526; x_wconf 90' lang='lat' dir='ltr'>lorum</span> <span class='ocrx_word' id='word_1_326' title='bbox 1148 3472 1180 3525; x_wconf 87' lang='lat' dir='ltr'>et</span> 
     </span>
     <span class='ocr_line' id='line_1_39' title="bbox 194 3545 1181 3626; baseline 0.007 -26"><span class='ocrx_word' id='word_1_327' title='bbox 194 3545 262 3602; x_wconf 92' lang='lat' dir='ltr'>loca</span> <span class='ocrx_word' id='word_1_328' title='bbox 274 3546 455 3606; x_wconf 87' lang='lat' dir='ltr'>exercendis</span> <span class='ocrx_word' id='word_1_329' title='bbox 467 3547 497 3604; x_wconf 92' lang='lat' dir='ltr'>in</span> <span class='ocrx_word' id='word_1_330' title='bbox 510 3547 633 3622; x_wconf 90' lang='lat' dir='ltr'>publico</span> <span class='ocrx_word' id='word_1_331' title='bbox 643 3547 720 3606; x_wconf 90' lang='lat' dir='ltr'>vitiis</span> <span class='ocrx_word' id='word_1_332' title='bbox 734 3548 892 3608; x_wconf 88' lang='lat' dir='ltr'>destinata.</span> <span class='ocrx_word' id='word_1_333' title='bbox 909 3550 1098 3610; x_wconf 83' lang='lat' dir='ltr'>feneratores</span> <span class='ocrx_word' id='word_1_334' title='bbox 1108 3565 1181 3626; x_wconf 86' lang='lat' dir='ltr'>per—</span> 
     </span>
    </p>
   </div>
   <div class='ocr_carea' id='block_1_4' title="bbox 0 0 1266 3906">
    <p class='ocr_par' dir='ltr' id='par_1_7' title="bbox 0 0 1266 3906">
     <span class='ocr_line' id='line_1_40' title="bbox 0 0 1266 3906; baseline 0 0"><span class='ocrx_word' id='word_1_335' title='bbox 0 0 1266 3906; x_wconf 95' lang='lat' dir='ltr'> </span> 
     </span>
    </p>
   </div>
   <div class='ocr_carea' id='block_1_5' title="bbox 538 3799 551 3824">
    <p class='ocr_par' dir='ltr' id='par_1_8' title="bbox 538 3799 551 3824">
     <span class='ocr_line' id='line_1_41' title="bbox 538 3799 551 3824; baseline 0 -14"><span class='ocrx_word' id='word_1_336' title='bbox 538 3799 551 3824; x_wconf 34' lang='grc' dir='ltr'>ἢ</span> 
     </span>
    </p>
   </div>
  </div>
 </body>
</html>
