2528 3906
222 236 284 302 1⁵4
398 239 431 298 u.
453 237 600 298 nunaut
619 189 907 298 sunucxu'nmn
940 236 1004 294 vn.
1073 285 1075 292 .

222 387 291 448 istis
306 387 394 447 nimis
411 386 498 446 dives
514 383 660 457 videatur,
683 385 794 460 quibus
808 386 978 445 Demetrius
994 383 1127 464 cynicus
1143 403 1199 462 pa·

222 489 290 532 rum
311 486 427 546 pauper
443 477 511 530 estl
531 471 629 530 virum
649 471 828 530 acerrimum
849 476 879 528 el
899 477 1006 528 contra
1027 471 1130 530 omnia
1145 488 1196 530 na·

222 563 309 616 turae
323 555 476 614 desideria
490 560 684 629 pugnantem,
706 553 766 614 boe
780 551 994 626 pauperiorem
1009 569 1101 628 quam
1117 559 1198 614 cete-

151 714 154 721 Ι
221 655 275 699 ros
290 633 432 715 Cynicos,
449 637 542 714 quod,
558 637 697 696 cumsibi
709 635 896 697 interdixerit
906 635 1028 710 habere,
1043 637 1199 697 interdixit

223 729 254 784 et
268 737 408 798 poscere,
424 728 536 796 negant
550 720 625 780 satis
647 735 747 794 egere.
768 719 855 779 vides
876 719 977 786 enim?
999 735 1060 780 non
1078 721 1196 781 virtutis

223 806 389 878 scientiam,
406 806 461 864 sed
476 803 620 878 egestatis
634 804 794 878 professus
811 810 868 863 est.

192 886 206 938 l
285 889 362 948 XIX.
383 887 565 958 Diodorum,
586 887 769 961 Epicureum
791 885 1024 961 philosophum,
1047 886 1097 962 qui
1119 886 1197 946 intra

222 988 341 1048 paucos
356 971 422 1032 dies
438 971 529 1032 linem
543 971 624 1030 vitae
640 986 714 1030 suae
730 987 822 1029 manu
836 986 894 1030 sua
914 970 1064 1044 inposuit,
1084 978 1199 1044 negant

222 1072 262 1115 ex
277 1056 400 1115 decreto
421 1054 544 1129 Epicuri
565 1055 685 1127 lecisse,
707 1055 790 1127 quod
811 1054 869 1112 sibi
889 1055 990 1127 gulam
1012 1054 1197 1128 praesecuit.

221 1139 271 1198 alii
288 1139 468 1198 dementiam
484 1138 580 1197 videri
596 1139 825 1198 voluntlactum
840 1137 990 1210 boecius,
1012 1137 1062 1196 alii
1076 1137 1198 1195 temeri-

221 1229 328 1283 tatem:
350 1222 399 1282 ille
410 1221 527 1281 interim
541 1219 650 1282 beatus
665 1237 701 1280 ac
714 1222 821 1296 plenus
833 1220 913 1280 bone
926 1221 1112 1280 conscientia
1126 1221 1198 1279 red·

221 1305 298 1366 didit
312 1305 369 1364 sibi
390 1305 593 1366 testimonium
615 1305 677 1364 vita
697 1305 851 1364 excedens
871 1304 1067 1378 laudavitque
1087 1304 1197 1364 aetatis

221 1389 251 1450 in
269 1396 358 1464 portu
373 1397 403 1449 et
418 1390 457 1450 ad
474 1403 617 1449 ancoram
634 1395 719 1448 actae
741 1387 870 1462 quietern
888 1395 918 1446 et
933 1387 1015 1458 dixit,
1033 1388 1116 1461 quod
1137 1404 1197 1447 vos

221 1473 304 1534 inviti
319 1473 456 1546 audistis,
472 1473 560 1548 quasi
576 1471 664 1532 vobis
680 1485 804 1546 quoque
819 1471 988 1530 laciendum
1004 1471 1057 1531 sit:

345 1557 416 1616 Vixi
429 1561 460 1615 et
469 1572 554 1631 quem
568 1557 694 1616 dederat
705 1571 823 1616 cursum
832 1555 957 1628 fortuna
966 1557 1080 1630 percpi.

187 1639 207 1691 2
222 1639 266 1700 De
282 1639 403 1699 alterius
419 1639 488 1711 vite,
504 1640 543 1698 de
557 1639 680 1699 alterius
695 1646 791 1698 morte
803 1638 964 1713 disputatis
982 1644 1012 1696 et
1028 1637 1068 1695 ad
1084 1653 1196 1696 nornen

221 1737 399 1796 magnorum
415 1722 455 1782 ob
471 1722 602 1797 aliquam
618 1722 756 1782 eximiam
772 1723 891 1781 laudem
903 1722 1044 1793 virorum¹
1060 1721 1140 1780 sicut
1157 1722 1196 1780 ad
1260 1735 1261 1738 ’

222 1821 382 1866 occursum
399 1808 569 1880 ignotorum
584 1804 738 1865 h'ominum
755 1806 860 1865 minuti
875 1819 976 1876 canes,
992 1804 1117 1865 latratis.
1141 1820 1197 1863 ex-

220 1889 305 1966 pedit
316 1889 394 1950 enim
406 1887 495 1949 vobis
508 1888 657 1948 neminem
672 1889 766 1949 videri
781 1889 902 1962 bonum,
918 1885 1007 1962 quasi
1022 1886 1121 1948 aliena
1135 1889 1198 1946 vlr-

220 1981 270 2034 tus
285 1972 480 2048 exprobratio
496 1974 673 2033 delictorum
690 1972 821 2034 omniunt
838 1973 886 2032 sit.
918 1969 1015 2031 lnvidi
1030 1971 1199 2046 splendida

222 2073 290 2116 cum
307 2057 450 2116 sordibus
465 2059 575 2116 vestris
591 2057 735 2117 conlertls
755 2071 812 2114 nec
827 2056 1008 2130 intellegitis,
1029 2062 1143 2130 quanto
1165 2055 1197 2114 id

220 2145 324 2200 vestro
340 2139 517 2200 detrimento
533 2140 679 2200 audeatis.
709 2155 778 2200 nam
794 2140 820 2200 si
839 2138 891 2210 illi,
913 2139 964 2214 qui
985 2137 1124 2198 virtutem
1147 2154 1198 2197 se-

222 2229 368 2298 quuntur,
388 2223 485 2294 avari,
506 2222 911 2299 libidinosi,ambitiosique
933 2229 1018 2295 sunt,
1042 2222 1114 2296 quid
1138 2238 1198 2282 uos

185 2305 309 2376 aestis,
333 2304 443 2381 quibus
464 2306 563 2380 ipsum
585 2322 695 2368 nomen
721 2307 839 2367 virtutis
866 2307 937 2368 odio
959 2311 1027 2366 estl
1071 2305 1199 2379 Negatis
1259 2317 1260 2328 ¹

222 2405 404 2466 quemquam
424 2397 595 2466 praestare,
618 2407 698 2466 quae
717 2390 878 2464 eloquitur,
900 2405 958 2449 uec
979 2389 1019 2449 ad
1037 2390 1199 2462 exemplar

221 2473 367 2534 orationis
382 2488 457 2532 suae
471 2475 589 2534 vivere:
616 2473 690 2550 quid
705 2474 821 2546 mirum,
838 2491 904 2534 eum
918 2475 1083 2548 loquantur
1097 2473 1198 2546 lortia,
1219 2469 1223 2476 ’

219 2557 366 2632 ingentia,
399 2556 497 2616 omnis
525 2557 673 2618 humanas
693 2564 888 2632 tempestates
910 2556 1093 2617 evadentia?
1126 2571 1198 2616 cum

218 2641 348 2715 refigere
363 2656 397 2700 se
418 2641 559 2702 crucibus
579 2649 735 2714 conentur,
756 2641 786 2699 in
803 2658 881 2716 quas
907 2640 1123 2715 unusquisque
1144 2655 1198 2699 ve-

219 2732 313 2785 strum
331 2725 435 2784 clavos
451 2741 525 2784 suos
542 2725 608 2799 ipse
620 2725 719 2786 adicit.
754 2724 791 2784 ud
809 2725 992 2799 supplicium
1013 2729 1114 2782 tanuen
1137 2723 1199 2782 oeli

218 2807 371 2881 stipitibus
387 2809 515 2882 singulis
532 2809 680 2882 pendent=
703 2808 743 2881 bi,
760 2809 810 2882 qui
826 2809 854 2866 in
871 2825 906 2868 se
920 2805 980 2882 ipsi
993 2807 1127 2867 animum
1143 2807 1197 2865 ad·

218 2895 347 2962 vertunt,
364 2899 438 2964 quot
453 2892 668 2966 cupiditatibus
685 2899 729 2953 tot
748 2891 889 2952 crucibus
906 2889 1124 2963 distrahuntur,
1144 2896 1198 2950 aut

218 2973 357 3032 maledici
371 2973 400 3032 in
418 2975 546 3034 alienam
563 2975 773 3036 contumeliam
788 2977 910 3036 venusti
926 2981 1005 3034 sunt.
1038 2973 1196 3032 crederem

218 3055 277 3115 illis
293 3056 352 3116 hoe
367 3073 485 3130 vacare,
502 3059 560 3118 nisi
578 3061 700 3134 quidam
716 3075 754 3119 ex
766 3059 901 3134 patibulo
914 3074 989 3118 suos
1004 3063 1197 3132 spectatores

218 3148 432 3214 conspuerent.

106 3225 115 3236 '
187 3228 235 3280 ι’
280 3221 344 3282 XX.
384 3225 470 3297 „Non
496 3234 654 3301 praestant
683 3223 861 3301 philosophi
892 3240 972 3298 quae
997 3224 1197 3297 loquuntur.“

217 3303 343 3366 Multum
364 3312 464 3368 lamen
483 3315 638 3384 praestant
655 3309 738 3385 quod
759 3311 939 3384 loquuntur,
961 3306 1045 3382 quod
1064 3306 1197 3368 honest}

218 3395 318 3448 mente
333 3390 522 3466 concipiunt=
543 3396 655 3453 utinam
673 3391 795 3466 quidem
810 3391 860 3465 [si]
877 3398 907 3451 et
921 3390 1007 3466 pario
1021 3388 1112 3450 dictis
1125 3405 1197 3464 age-

214 3480 297 3533 rent!
324 3474 396 3549 quid
412 3482 494 3536 esset
508 3475 566 3536 illis
581 3475 719 3536 beatius?
740 3474 858 3534 interim
878 3490 939 3536 non
958 3473 1104 3547 estquod
1122 3489 1195 3534 con·
1257 3545 1258 3552 ἵ
