2522 3906
259 193 434 296 nmnftv.
461 230 512 290 ns
536 229 604 290 ma
623 229 697 288 nm.
718 229 755 288 u.
778 237 909 292 ro-ar.
1031 229 1072 294 ol

86 383 213 444 lubriter
227 381 352 453 institui,
368 381 491 446 difficile
506 388 606 440 autem
621 379 757 455 regimen
771 390 828 455 est,
843 383 915 458 quia
929 385 1003 444 dare
1018 385 1070 444 de-

86 468 194 526 bemus
211 481 346 538 operam,
363 481 401 522 ne
415 473 467 524 aot
481 464 556 527 iram
570 463 601 522 in
615 465 674 522 illis
689 466 857 526 nutriamus
873 475 925 534 aut
937 468 1071 528 indolem

86 550 294 609 retundamus.
328 545 468 621 Diligenti
489 548 705 608 observatione
725 563 777 608 res
797 547 922 623 indiget.
956 559 1099 620 utrum-p

89 649 145 706 quc
160 632 243 690 enirn
259 639 289 691 et
304 629 388 704 quod
403 631 610 690 extollendum
626 637 656 690 et
671 632 755 706 quod
767 632 998 707 deprimendum
1011 643 1070 708 est,

87 714 237 776 similibus
253 714 350 772 alitur.
385 713 474 774 lacile
488 721 589 774 autem
611 713 700 774 etiam
724 714 938 776 adtendentem
960 718 1070 778 similia

88 799 253 872 decipiunt
288 797 403 856 Crescit
421 796 545 856 licenda
567 797 708 872 spiritus,
730 799 875 860 servitute
891 801 1098 870 comminui-3

87 891 140 940 tur.
173 881 326 953 adsurgit,
349 880 376 940 si
390 880 545 954 laudatur,
562 881 635 940 etin
651 897 739 956 spem
754 883 801 942 sui
816 883 928 942 bonam
943 885 1070 947 adduci·

86 972 147 1036 tur,
170 965 228 1024 sed
249 964 358 1023 eadem
381 965 439 1023 ista
454 964 645 1024 insolentium
661 971 691 1023 et
704 961 890 1026 iracundiam
905 975 1068 1040 generant:

87 1049 129 1106 sic
145 1048 250 1121 itaque
264 1047 342 1106 inter
362 1054 523 1121 utrumque
546 1047 701 1121 regendus
720 1055 782 1120 est,
808 1057 841 1108 ut
861 1051 953 1110 modo
974 1051 1070 1110 irenis

86 1138 221 1203 utamur,
242 1130 334 1188 modo
350 1131 490 1190 stimulis.
521 1129 600 1190 Nihil
615 1132 743 1204 humile,
757 1131 831 1192 nihil
846 1134 957 1192 servile
972 1135 1098 1208 potia-4

84 1222 144 1272 tur.
175 1229 340 1288 numquam
357 1213 399 1271 illi
412 1228 544 1274 necesse
557 1213 596 1274 sit
609 1230 720 1288 rogare
734 1215 913 1289 suppliciter
926 1233 983 1276 nec
997 1233 1069 1290 pro·

86 1297 125 1356 sit
140 1312 279 1370 rogasse,
294 1297 397 1380 potius
413 1312 526 1356 causae
540 1312 616 1356 suae
627 1306 658 1357 et
666 1297 818 1371 prioribus
832 1301 919 1358 lactis
935 1301 1069 1360 ethonis

85 1381 114 1438 in
141 1381 276 1440 loturum
297 1379 457 1453 promissis
479 1380 617 1440 donetur.
649 1382 683 1439 In
712 1381 928 1442 certaminibus
950 1399 1095 1456 aequa-5

86 1464 157 1521 lium
174 1479 231 1521 nec
246 1463 326 1521 vinci
341 1462 424 1522 illum
439 1463 588 1537 patiamur
603 1479 660 1523 nec
673 1463 775 1524 irasci.
808 1464 916 1526 demus
932 1482 1067 1540 operam,

87 1553 118 1606 ut
132 1544 291 1622 familiaris
306 1545 347 1604 sit
361 1546 414 1617 iis,
440 1561 510 1606 cum
531 1545 643 1618 quibus
660 1549 846 1606 contendere
868 1552 961 1622 solet,
986 1556 1019 1608 ut
1037 1549 1068 1608 in

87 1628 253 1688 aeramine
269 1628 434 1688 adsuescat
453 1644 513 1692 non
529 1645 642 1688 nocere
657 1632 743 1703 velle,
760 1631 817 1690 sed
831 1629 964 1692 vincare.
991 1649 1067 1706 quo·

85 1713 165 1772 tiens
183 1712 375 1785 superaverit
389 1718 419 1770 et
431 1711 557 1786 dignum
572 1712 687 1788 aliquid
703 1715 794 1774 laude
809 1715 930 1787 iecerit,
953 1716 1067 1788 adtolli,

85 1813 148 1856 non
163 1795 281 1870 gestire·
292 1795 451 1868 patiamur.
484 1796 627 1869 gandium
642 1797 722 1856 enirn
737 1799 917 1872 exsultatio,
934 1799 1067 1858 exsulta*

86 1878 199 1938 donem
212 1885 312 1938 tumor
327 1884 357 1936 et
370 1879 460 1938 nimia
479 1877 649 1940 aestimatio
666 1879 714 1940 sui
735 1881 881 1954 sequitur.
921 1875 1066 1940 Dabimus
1079 1893 1097 1948 a

85 1961 212 2037 aliquod
227 1963 446 2033 laxamentum,
466 1963 497 2020 in
520 1962 669 2022 desidiam
683 1978 757 2023 vero
773 1965 929 2038 otiumque
944 1980 1004 2024 non
1020 1979 1067 2022 re·

86 2045 246 2105 solvemus
272 2052 301 2103 et
326 2046 432 2118 procul
453 2061 472 2104 a
493 2052 635 2106 oonuctu
659 2046 833 2106 deliciarum
859 2047 1067 2106 retinebimus.

84 2129 158 2208 nibil
174 2127 255 2188 enirn
270 2129 369 2202 magis
384 2130 457 2188 lacit
468 2129 633 2190 iracundos
649 2146 741 2205 quam
756 2131 896 2190 educatio
918 2132 1017 2190 mollis
1039 2137 1069 2190 et

83 2211 213 2271 blanda:
236 2210 305 2272 ideo
320 2211 419 2272 unicis
436 2229 496 2285 quo
511 2214 581 2289 plus
602 2215 788 2288 indulgetur,
802 2213 989 2289 pupillisque
1005 2230 1067 2288 quo

85 2297 156 2370 plus
177 2295 261 2368 licet,
284 2296 456 2369 corruptior
475 2296 592 2356 animus
613 2304 670 2358 est.
705 2297 781 2357 Non·
796 2299 919 2358 resistet
939 2296 1067 2358 offensis

84 2379 135 2438 cui
154 2378 229 2438 nihil
250 2395 394 2454 umquam
415 2385 558 2453 negatum
579 2387 640 2454 est,
668 2378 756 2440 cuius
776 2381 916 2440 lacrimas
938 2380 1068 2442 sollicita

84 2477 211 2537 semper
227 2470 322 2524 mater
336 2462 486 2536 abstersit,
505 2463 553 2522 cui
565 2463 603 2522 de
615 2464 796 2538 paedagogo
809 2464 996 2524 satisfactum
1009 2470 1065 2522 est.

83 2545 151 2604 Non
167 2545 272 2615 videS,
287 2552 321 2605 ut
334 2544 479 2616 maiorem
496 2561 650 2622 quamque
670 2547 820 2607 fortunam
840 2547 936 2605 maior
956 2547 1002 2604 ira
1017 2556 1096 2611 co·7

83 2630 228 2688 mitetur?
258 2629 288 2686 in
305 2627 449 2688 divitibus
465 2636 495 2688 et
514 2628 667 2688 nobilibus
683 2637 713 2687 et
734 2627 959 2702 magistratibus
978 2645 1066 2704 prae·

84 2712 177 2785 cipue
193 2711 329 2786 adparet,
346 2727 414 2770 crrm
431 2712 577 2786 quicquid
592 2712 661 2770 leve
675 2719 706 2772 et
724 2713 814 2772 inane
830 2711 976 2772 inanimo
992 2720 1067 2784 erat,

84 2795 225 2856 secunda
240 2811 275 2856 se
290 2811 364 2854 aura
379 2795 509 2854 sustulit.
542 2794 682 2854 Felicitas
697 2793 885 2854 iracundiam
899 2797 997 2868 nutrit,
1014 2795 1067 2856 ubi

84 2894 177 2938 aures
197 2878 349 2953 superbas
367 2879 595 2940 adsentatorum
615 2879 702 2937 turba
718 2878 953 2954 cncumstrepzt:
981 2879 1066 2950 „Tibi

84 2963 166 3022 enirn
188 2960 239 3021 ille
258 2962 467 3036 respondeat?
498 2978 560 3022 non
586 2977 642 3034 pro
669 2960 789 3036 fastigio
815 2968 845 3022 te
864 2969 916 3022 tuo
936 2961 1065 3022 metiris:

84 3044 154 3118 ipse
171 3052 202 3105 te
224 3045 370 3119 proicis.“
408 3051 437 3104 et
457 3045 517 3104 alia
536 3045 647 3120 quibus
667 3043 721 3104 vix
745 3061 840 3105 sanae
865 3051 895 3104 et
919 3045 957 3104 ab
982 3045 1065 3104 initio

83 3128 166 3187 bene
182 3129 326 3190 fundatae
346 3136 464 3188 mentes
484 3129 667 3189 restiterunt.
702 3128 808 3202 Longe
829 3128 931 3203 itaque
952 3128 990 3187 ab
1012 3130 1095 3198 ada

84 3211 258 3272 sentations
279 3210 410 3288 pueritia
427 3212 616 3272 removenda
636 3218 693 3270 est.
733 3211 836 3271 audiat
854 3227 960 3272 verum
980 3219 1011 3272 et
1029 3211 1065 3272 ti-

83 3302 166 3354 meat
179 3295 309 3370 interim,
324 3302 466 3354 vereatm·
483 3310 615 3369 semper.
646 3295 812 3353 maioribus
833 3295 987 3369 adsurgat
1021 3295 1064 3353 ni·

84 3376 126 3436 bit
153 3394 210 3452 per
231 3378 419 3438 iracundiam
439 3386 557 3438 exoret.
595 3377 679 3452 quod
700 3377 784 3437 flenti
810 3385 951 3452 negatum
978 3377 1066 3436 luerit

84 3463 189 3534 quieto
213 3461 368 3522 offeratur.
407 3469 437 3522 et
457 3461 576 3522 divitias
597 3469 755 3536 parentum
772 3460 802 3520 in
816 3466 991 3602 gonspectu
1012 3457 1063 3513 lna-
