2554 3888
212 201 276 266 218
388 202 422 265 L.
445 203 591 263 ANNAEl
613 202 788 266 SENECAE
809 204 912 265 DIAL.
933 204 984 264 Xl.

213 371 287 414 vero
303 353 472 432 disponunt
480 356 570 417 etiam
581 353 647 429 illa,
668 372 747 432 quae
758 355 836 416 ultra
850 354 944 418 vitam
956 363 1040 426 sunt,
1052 369 1182 434 npgnas

214 440 312 501 moles
332 439 544 515 sepulcrorum
562 448 592 500 et
615 455 743 515 operum
759 438 952 514 publicorum
969 437 1182 500 dedicationes

214 530 245 582 et
261 523 301 583 ad
317 539 427 599 rogum
437 539 564 583 munera
583 532 613 584 et
623 522 801 585 ambitiosas
820 521 996 598 exsequias.
1019 529 1050 582 at
1061 521 1181 581 meher-

214 608 300 668 cules
322 607 452 670 istorum
474 607 596 680 lunera,
617 615 772 682 tamquam
793 607 949 668 minimum
971 605 1117 680 vixerint,
1141 605 1182 664 ad

214 689 299 753 laces
312 699 345 753 et
355 706 462 753 cereos
474 690 615 751 ducenda
627 699 706 752 sunt.

600 895 805 906 μ--υ--ο--ῃ

504 1095 539 1176 l.
562 1093 701 1179 llllll
721 1091 891 1177 llllllldll

360 1227 738 1327 llllttdttltllll
768 1227 943 1324 LlBER
971 1227 1038 1320 ΧΙ.

595 1394 639 1444 ΑΙ)
657 1393 819 1446 POLYBIUM

536 1515 579 1580 un
598 1475 863 1584 consulturum

634 1657 764 1666 uun——

183 1799 200 1854 1
274 1782 297 1841 L
321 1786 387 1856 [lu]
410 1779 462 1820 ***
477 1788 601 1843 nostrae
618 1796 785 1856 conpareS,
803 1781 889 1840 lirma
903 1787 989 1839 sunt:
1018 1779 1044 1838 si
1059 1778 1188 1852 redigas

212 1867 253 1928 ad
275 1865 487 1927 condicionem
509 1873 635 1927 naturae
656 1865 757 1926 omnia
777 1863 961 1924 destruentis
977 1870 1005 1923 et
1022 1863 1105 1922 unde
1123 1863 1189 1920 cdi·

213 1952 266 2026 dit,
281 1952 390 2012 eodem
405 1949 590 2023 revocantis,
605 1949 722 2010 caduca
740 1956 819 2008 sunt.
843 1947 917 2022 quid
932 1946 1013 2006 enirn
1027 1947 1190 2006 inmortale

211 2051 321 2094 manus
342 2034 486 2094 mortales
502 2034 648 2093 iecerint?
673 2031 797 2107 Septem
812 2032 864 2091 illa
877 2031 1023 2090 miracula
1038 2037 1068 2089 et
1082 2031 1109 2088 si
1127 2046 1190 2104 qua

211 2117 260 2178 his
282 2119 375 2176 multo
390 2116 574 2176 mirabiliora
589 2115 782 2190 sequentium
797 2131 945 2174 annorum
960 2113 1110 2174 exstruxit
1125 2129 1190 2172 am-
1263 2127 1264 2130 ’

212 2199 302 2272 hillo,
328 2200 493 2274 aliquando
516 2201 583 2261 solo
604 2207 736 2275 aequata
756 2199 902 2260 visentur.
934 2199 979 2258 lta
1000 2204 1061 2270 est,
1088 2196 1190 2256 nihil

213 2290 457 2358 perpetuum,
472 2300 593 2358 pauca
610 2284 792 2344 diuturna
806 2290 904 2343 sunt.
927 2281 1081 2342 aliudalio
1094 2281 1190 2341 modo

212 2366 387 2442 fragileest.
409 2383 509 2428 rerum
525 2367 627 2428 exitus
642 2369 804 2442 variantur,
812 2373 944 2426 ceterum
958 2364 1106 2440 quicquid
1118 2379 1192 2424 coe·

183 2463 203 2518 2
213 2452 256 2527 pit
276 2459 306 2510 et
330 2451 449 2512 desinit.
481 2451 596 2512 Mundo
613 2452 739 2526 quidam
753 2452 904 2511 minantur
918 2449 1067 2509 interilum
1083 2455 1114 2506 el
1128 2447 1192 2508 hoc

212 2535 403 2608 universum,
427 2537 511 2612 quod
531 2536 631 2596 omnia
651 2536 754 2595 divina
768 2535 962 2608 humanaque
978 2531 1193 2606 conplectitur,
1261 2551 1262 2577 t

212 2619 239 2680 si
261 2619 307 2678 las
328 2627 419 2694 putas
435 2620 576 2693 credere,
604 2619 670 2679 dies
688 2619 799 2694 aliquis
815 2617 979 2698 dissipabit
992 2624 1021 2675 et
1034 2616 1064 2675 in
1081 2617 1193 2677 conlu-

213 2701 330 2762 sionem
353 2709 483 2762 veterem
502 2703 706 2778 tenebrasque
721 2704 892 2775 demerget:
918 2709 967 2760 eat
980 2716 1061 2761 nunc
1076 2699 1192 2774 aliquis

213 2793 243 2845 et
264 2786 401 2859 singulas
418 2787 578 2861 conploret
592 2787 719 2846 animas.
754 2785 943 2861 Carthaginis
959 2801 995 2845 ac
1008 2783 1193 2846 Numantiae

214 2869 411 2948 Corinthique
429 2870 561 2931 cinerem
577 2878 606 2931 et
620 2871 647 2931 si
663 2870 737 2946 quid
753 2871 842 2930 altius
859 2869 982 2944 cecidit,
998 2873 1192 2946 lamentetur,

214 2970 281 3014 cum
300 2955 389 3014 etiam
403 2954 463 3015 lroc
480 2955 563 3030 quod
577 2971 639 3016 non
655 2954 762 3028 habet,
789 2971 851 3029 quo
867 2955 971 3028 cudat,
999 2955 1038 3014 sit
1052 2955 1192 3016 interitu·
1259 3003 1260 3012 t

206 3053 294 3120 rum:
320 3048 369 3099 eat
389 3039 500 3113 aliquis
522 3046 552 3098 et
572 3041 633 3098 lata
651 3046 765 3099 tantum
788 3039 954 3112 aliquando
970 3039 1057 3098 nelas
1074 3054 1191 3101 ausura

181 3119 270 3180 asibi
286 3137 347 3181 non
364 3123 543 3197 pepercisse
559 3131 774 3198 conqueratur.
790 3127 857 3196 [lt]
875 3121 948 3196 Quis
963 3131 1024 3182 tam
1035 3123 1193 3197 superbae
1258 3175 1259 3178 ,

214 3201 442 3280 inpotentisque
458 3207 653 3280 adrogantiae
668 3214 729 3281 est,
744 3206 823 3266 utin
838 3205 897 3266 hac
911 3214 1038 3266 naturae
1052 3205 1192 3267 necessi·
1258 3221 1259 3244 t

213 3293 274 3346 tate
289 3290 391 3347 omnia
406 3289 445 3348 ad
460 3291 601 3350 eumdem
615 3290 707 3351 finem
723 3289 898 3350 revocantis
914 3306 949 3350 se
959 3305 1054 3350 unum
1065 3305 1102 3349 ac
1115 3306 1193 3352 suos
1257 3345 1258 3352 ,

213 3371 323 3445 seponi
349 3371 420 3430 velit
444 3373 611 3449 ruinaeque
633 3375 724 3434 etiam
744 3374 804 3448 ipsi
824 3374 939 3433 mundo
960 3373 1116 3434 inminenti
1137 3373 1193 3433 ali·

179 3461 305 3529 squam
323 3453 446 3514 domum
461 3456 639 3517 subtrahet?
668 3455 871 3517 Maximum
894 3471 987 3532 ergo
1002 3457 1191 3518 solatium
