2522 3906
201 192 398 256 noemam
420 191 501 254 cun
521 190 785 254 raovrnnnru
806 161 875 254 s'rr.
909 193 961 258 111·
1052 191 1075 258 7

82 343 199 424 inquis,
214 347 245 406 in
258 343 385 406 exilium
396 345 503 422 proici,
514 345 546 405 in
557 352 726 421 egestatem
738 347 849 408 deduci
860 348 984 422 liberos,
999 365 1073 410 con-

83 433 189 508 iugem
208 431 341 504 ecferre,
362 427 528 504 ignominia
548 429 655 504 adlici,
677 429 866 492 debilitarit“
900 431 933 493 Si
953 431 1073 492 miraris

83 515 163 574 haec
178 531 236 590 pro
249 513 353 594 aliquo
366 529 453 587 esse,
468 512 627 574 miraberis
640 515 792 588 quosdam
803 517 883 576 ferro
896 523 925 576 et
938 517 1009 591 igne
1021 533 1073 576 eu·

83 599 145 659 rari
162 614 221 658 nec
235 598 336 658 miuus
352 599 433 658 lame
447 611 485 658 ac
499 595 560 658 siti.
581 598 639 658 sed
654 599 681 658 si
696 599 878 673 cogitaveris
893 607 1010 673 tecum,
1024 615 1073 660 re·

84 681 180 742 medii
192 697 289 742 causa
298 680 483 758 quibusdam
493 687 524 741 et
533 680 600 742 radi
613 697 687 742 ossa
695 689 726 742 et
736 681 796 757 legi
805 688 837 742 et
847 683 965 742 extrahi
977 699 1072 744 venas

83 774 116 826 et
133 767 288 842 quaedam
310 764 461 840 amputari
480 764 629 840 membra,
652 781 733 840 quae
745 766 812 825 sine
830 767 922 828 totius
939 767 1074 842 pernicie

84 851 229 924 corporis
243 849 371 910 haerere
384 865 446 910 non
465 854 621 924 poterant,
645 849 705 909 hoc
720 866 846 925 quoque
860 851 987 925 patieris
1003 868 1073 926 pro·

83 933 152 994 bari
168 932 237 1007 tibi,
254 933 406 1008 quaedam
426 933 620 994 incommoda
635 950 691 1008 pro
711 933 760 993 his
779 950 851 994 esse
867 935 979 1009 quibus
994 936 1073 995 acci·

83 1017 181 1091 dunt,
197 1023 258 1076 tam
273 1015 464 1076 mehercules
480 1033 573 1092 quam
588 1017 740 1092 quaedam
756 1034 835 1093 quae
853 1019 1015 1079 laudantur
1030 1027 1072 1080 at-

84 1117 148 1177 que
160 1101 353 1176 adpetuntur,
366 1107 471 1162 contra
482 1116 538 1162 eos
551 1116 622 1161 esse
634 1117 713 1176 quos
726 1102 962 1182 delectaverunt,
979 1102 1072 1162 simil-

83 1185 160 1245 lima
178 1183 379 1246 cruditatibus
401 1184 660 1260 ebrietatibusque
681 1191 711 1244 et
731 1187 841 1246 ceteris
865 1202 944 1260 quae
964 1193 1074 1248 necant

86 1285 145 1344 per
159 1271 358 1344 voluptatem.
394 1268 475 1328 Inter
491 1268 584 1328 multa
597 1267 761 1343 magnilica
774 1269 917 1330 Demetrii
933 1271 1030 1330 nostri
1045 1277 1106 1332 eta

83 1352 164 1412 hacc
177 1368 242 1413 vox
254 1357 318 1427 est,
333 1368 352 1410 a
367 1369 430 1426 qua
439 1368 549 1412 recens
564 1369 642 1412 sum.
666 1359 756 1412 sonat
770 1351 871 1412 adhue
886 1360 916 1412 et
929 1353 1029 1412 vibrat
1042 1355 1073 1412 in

84 1437 214 1498 auribus
229 1436 321 1496 meis:
343 1439 432 1510 nibil,
448 1437 561 1511 inquit,
578 1438 652 1496 mibi
664 1438 780 1497 videtur
793 1436 944 1509 infelicius
957 1453 1004 1510 eo,
1024 1440 1076 1498 cui

84 1522 164 1581 nillil
178 1537 317 1595 umquam
329 1523 426 1580 evenit
442 1522 570 1581 aduersi.
599 1537 660 1580 non
676 1521 760 1580 licuit
774 1519 853 1579 enim
871 1520 913 1579 illi
928 1536 962 1580 se
978 1536 1072 1596 expe-

84 1604 148 1664 riri.
180 1604 222 1666 Ut
232 1619 272 1662 ex
285 1610 358 1665 voto
374 1604 416 1664 illi
430 1603 574 1665 fluxerint
589 1605 705 1678 omnia,
726 1611 760 1666 ut
772 1612 842 1664 ante
856 1611 977 1680 votum,
993 1605 1073 1664 male

13 1709 15 1714 ’
82 1696 188 1748 tamen
209 1688 249 1748 de
270 1688 321 1748 illo
337 1686 368 1747 di
382 1688 606 1750 iudicaverunt:
640 1689 784 1764 indiguus
806 1687 893 1748 visus
914 1697 961 1749 est
976 1705 995 1748 a
1011 1705 1071 1764 quo

84 1773 260 1832 vinceretur
281 1771 448 1848 aliquando
462 1774 597 1843 fortuna,
619 1787 698 1848 quae
713 1771 944 1847 ignavissimum
968 1789 1072 1848 quem-

85 1872 148 1931 que
163 1856 287 1931 refugit,
303 1857 393 1932 quasi
408 1856 504 1916 dicat:
536 1856 632 1930 „quid
647 1863 742 1930 ergoi
768 1857 861 1916 istum
875 1855 948 1915 mihi
962 1857 1071 1918 adver-

84 1941 200 2000 sarium
216 1941 397 2000 adsumam?
418 1940 520 2000 statim
531 1955 616 1998 arma
630 1941 793 2000 submittet.
816 1955 877 1999 non
891 1956 971 2014 opus
983 1941 1072 2000 estin

12 2045 13 2060 ¹
84 2025 169 2084 illum
184 2030 248 2084 tota
261 2024 397 2099 potentia
410 2040 493 2084 mea:
522 2021 583 2082 levi
604 2023 828 2085 conminatione
842 2025 981 2098 pelletur.
1010 2040 1072 2084 non

84 2115 190 2182 potest
204 2109 357 2168 sustinere
371 2108 486 2168 voltum
500 2123 611 2168 meum.
635 2109 713 2168 alius
727 2108 989 2182 circumspiciatur
1004 2123 1072 2167 cum

12 2201 13 2206 ’
83 2207 149 2266 quo
166 2193 304 2250 conferre
324 2191 482 2266 possimus
498 2208 635 2251 manum=
663 2193 758 2267 pudet
772 2192 919 2268 congredi
933 2207 1002 2252 eum
1017 2191 1071 2251 ho·

12 2339 14 2348 .
83 2276 167 2336 mine
177 2275 258 2335 vinei
273 2280 412 2350 parato.“
444 2276 643 2350 Ignominiam
657 2275 931 2350 iudicatgladiator
946 2291 1014 2335 cum
1029 2276 1073 2334 in·
1086 2285 1105 2338 4

85 2359 200 2420 iericre
215 2360 348 2434 conponi
363 2365 394 2418 et
407 2359 465 2419 scit
476 2375 547 2419 eum
563 2359 630 2420 siue
644 2361 742 2434 gloria
755 2360 858 2434 vinci,
870 2359 921 2434 qui
937 2360 1004 2419 sine
1019 2375 1072 2433 pe·

83 2443 183 2502 neulo
200 2436 336 2502 vincitur.
365 2442 448 2504 idem
462 2442 535 2503 iacit
550 2444 685 2504 fortuna=
707 2445 891 2506 fortissimos
907 2444 966 2503 sibi
982 2458 1073 2517 pares

86 2527 214 2602 quaerit,
226 2527 378 2602 quosdam
390 2527 514 2588 fastidio
526 2527 642 2602 transit,
655 2527 953 2589 contumacissimam
968 2541 1074 2600 quem-

83 2625 149 2686 que
163 2617 194 2669 et
207 2611 408 2671 rectissimum
424 2612 616 2686 adgreditur,
638 2613 789 2672 adversus
804 2626 894 2686 quem
909 2609 971 2668 vim
986 2625 1074 2670 suam

85 2694 239 2754 intendam
268 2694 370 2770 ignem
385 2695 541 2770 experitur
560 2695 592 2755 in
606 2695 723 2770 Mucio,
746 2699 956 2770 paupertatem
971 2693 1001 2752 in
1016 2692 1073 2754 Fa-

20 2837 23 2842 .
84 2778 198 2852 bricio,
219 2777 345 2838 exilium
359 2779 390 2838 in
404 2779 531 2852 Rutilio,
552 2786 702 2839 tormenta
716 2779 747 2838 in
760 2778 896 2854 Regulo,
920 2793 1073 2840 venenum
1119 2823 1121 2826 -

81 2861 115 2922 in
131 2860 274 2937 Socrate,
299 2870 428 2924 mortem
448 2864 479 2921 in
495 2862 619 2924 Catone.
652 2863 797 2938 Magnum
817 2865 991 2938 exemplum
1013 2861 1106 2928 nisio

85 2945 167 3006 mala
179 2947 300 3006 fortuna
310 2961 373 3006 nou
384 2945 510 3007 invenit.
531 2947 639 3006 Iulelix
651 2954 699 3008 est
707 2947 836 3022 Mucius,
850 2947 934 3022 quod
946 2947 1073 3008 dextera

80 3029 173 3104 ignes
191 3029 324 3091 hostium
341 3031 451 3105 premit
469 3029 583 3108 etipse
598 3047 618 3090 a
637 3048 672 3092 se
693 3031 787 3108 exigit
801 3032 914 3090 erroris
935 3030 983 3090 sui
997 3046 1072 3106 poe-

82 3120 165 3174 nas?
188 3115 274 3188 quod
293 3129 396 3190 regem
413 3131 503 3191 quem
518 3122 633 3174 armata
646 3133 738 3175 manu
751 3132 813 3176 non
829 3113 943 3189 potuit,
963 3121 1075 3174 exusta

84 3198 192 3272 lugat?
215 3198 290 3272 quid
304 3206 400 3274 ergo?
421 3198 538 3260 felicior
549 3207 646 3274 esset,
662 3201 689 3258 si
703 3201 733 3259 in
745 3199 814 3259 sinu
826 3198 942 3258 amicae
954 3199 1073 3259 foveret

80 3289 230 3343 manum?
251 3283 360 3342 Infelix
375 3291 424 3343 est
436 3282 611 3356 Fabricius,
633 3284 718 3358 quod
732 3299 785 3342 rus
800 3298 904 3355 suum,
927 3288 1108 3356 quantumd

81 3381 103 3425 a
116 3366 279 3442 republica
291 3368 426 3442 vacavit,
443 3367 540 3427 loditt
568 3368 653 3442 quod
667 3367 780 3427 bellum
794 3372 856 3426 tam
870 3381 939 3426 cum
953 3364 1071 3442 Pyrrho

82 3466 179 3524 quam
191 3465 260 3512 cum
273 3449 387 3512 divitiis
402 3451 500 3528 gerit?
523 3449 608 3528 quod
619 3451 660 3511 ad
671 3452 773 3512 locum
785 3457 896 3512 coenat
906 3448 1074 3523 illasipsas
