2528 3906
227 243 286 304 150
401 243 434 302 L.
458 243 604 302 ANNAEI
625 241 800 303 SENECAE
822 242 924 324 DIAL.
943 243 1007 303 vll.

225 398 286 473 ptio
300 397 370 472 ipsa
388 393 526 456 excitans
541 393 682 466 animum,
706 409 783 468 quae
806 394 905 455 statim
921 399 1053 471 [paratos
1062 396 1201 456 ostendat

42 485 44 494 ’
141 553 143 563 .
190 488 207 540 t
223 483 266 542 ad
278 481 433 540 abicienda
446 495 513 540 eum
528 480 642 554 quibus]
658 485 807 538 venerunt
822 477 900 538 vitia.
923 478 1069 552 Quisquis
1085 479 1127 537 ad
1138 477 1198 538 vir-

224 571 315 624 tutem
337 563 483 634 aeoessit,
511 560 595 622 dedit
613 575 783 636 generosae
807 561 919 622 indolis
946 561 1109 636 specimen.
1147 562 1198 635 qui

222 649 408 724 voluptatem
424 644 570 722 sequitur,
584 645 705 706 videtur
716 646 847 718 enervis,
864 646 987 717 tractus,
1003 645 1197 720 degenerans

224 732 302 804 [vir],
317 735 521 806 perventurus
537 729 567 788 in
582 727 690 804 turpia,
706 727 765 788 nisi
779 727 889 804 aliquis
901 727 1072 788 distinxerit
1086 728 1130 788 illi
1144 745 1197 790 vo·

223 815 364 890 luptates‚
381 819 413 872 ut
427 813 512 885 soiat,
534 828 614 887 quae
628 827 667 872 ex
688 808 732 871 eis
754 811 832 870 intra
852 812 988 872 naturale
1009 811 1197 872 desiderium
1254 835 1255 870 t

223 897 380 967 desistant,
397 911 475 972 quae
487 911 637 970 praeceps
649 897 783 956 serantur
797 894 993 970 infinitaeque
1004 895 1066 954 'sint
1080 903 1120 970 et,
1137 913 1196 972 quo

191 983 207 1034 5
223 981 319 1054 magis
338 981 499 1054 inplentur,
520 993 558 1037 eo
576 974 673 1054 magis
687 977 897 1052 inexplebiles.
926 978 1077 1054 Agedum,
1101 979 1197 1040 virtus

222 1063 399 1124 antecedat:
415 1069 510 1124 tutum
527 1061 582 1121 erit
597 1077 686 1122 omne
703 1063 874 1136 vestigium.
897 1061 937 1122 Et
949 1063 1091 1138 voluptas
1106 1071 1199 1124 noeet

222 1146 327 1206 nimia:
351 1147 379 1205 in
396 1145 505 1206 virtute
521 1162 580 1205 non
602 1152 650 1206 est
664 1145 840 1220 verendum,
862 1161 901 1205 ne
916 1145 991 1221 quid
1005 1145 1133 1206 nimium
1150 1146 1197 1222 sit,

224 1231 295 1306 quia
306 1230 334 1288 in
348 1229 416 1306 ipsa
428 1236 475 1290 est
485 1231 603 1291 modus.
625 1246 685 1288 non
698 1236 745 1290 est
755 1228 877 1304 bonum,
891 1228 979 1305 quod
990 1229 1198 1305 magnitudine

223 1313 340 1374 laborat
361 1330 424 1373 sua.
460 1311 680 1374 Rationabilem
703 1329 793 1387 porro
816 1312 930 1374 sortitis
954 1321 1091 1373 naturam
1120 1330 1199 1389 quae

222 1396 331 1457 melius
346 1413 397 1458 res
410 1413 500 1472 quam
515 1396 591 1456 ratio
606 1395 807 1471 proponunt
834 1403 864 1458 et
878 1395 915 1474 [si
931 1397 1031 1472 placet
1050 1395 1112 1456 ista
1134 1398 1198 1458 iun-

135 1514 141 1526 ι
171 1525 176 1531 .
224 1487 330 1553 otura,]
347 1480 374 1540 si
389 1481 449 1541 hoo
464 1480 564 1555 placet
579 1481 618 1540 ad
632 1481 751 1540 beatam
767 1481 858 1540 vitam
872 1480 916 1542 ire
931 1477 1084 1555 comitatu,
1100 1480 1198 1542 virtus

224 1565 391 1634 antecedat,
414 1563 573 1624 comitetur
592 1565 732 1638 voluptas
755 1569 784 1623 et
800 1564 881 1624 eirea
902 1579 1015 1640 eorpus
1036 1573 1070 1624 ut
1090 1565 1199 1625 umbra

222 1653 377 1706 versatum
398 1647 539 1706 virtutem
562 1647 693 1722 quidem,
717 1647 957 1708 excelsissimam
979 1647 1125 1722 omnium,
1145 1666 1199 1709 vo·

223 1730 328 1804 luptati
344 1731 464 1790 trudere
476 1729 615 1790 ancillam
626 1730 699 1789 nihil
711 1747 851 1806 magnum
863 1732 962 1791 animo
976 1731 1126 1806 capientis
1144 1740 1199 1793 est.

193 1813 206 1864 1
275 1813 353 1874 XIV.
375 1812 473 1875 Prima
485 1815 581 1875 virtus
591 1816 636 1889 sit,
652 1815 728 1874 haee
743 1816 819 1874 terat
833 1815 935 1891 signa:
958 1813 1141 1876 habebimus
1156 1818 1199 1877 ni·

222 1896 385 1958 nilominus
408 1899 602 1973 voluptatem,
625 1899 681 1958 sed
702 1897 816 1958 domini
837 1899 904 1959 eius
925 1905 956 1959 et
976 1907 1199 1974 temperatores

223 1979 345 2041 erimus.
359 1981 472 2056 aliquid
481 1998 538 2042 nos
546 1981 693 2053 exorabit,
709 1981 779 2041 nihil
790 1989 887 2056 coget.
906 1988 935 2042 at
942 1981 979 2056 ei,
990 1983 1041 2058 qui
1049 1984 1200 2059 voluptati

222 2065 375 2124 tradidere
389 2063 545 2140 principia,
562 2072 691 2140 utroque
703 2080 842 2126 caruerat
865 2066 1005 2126 virtutem
1020 2066 1102 2126 enim
1113 2068 1199 2128 amit·

222 2153 296 2205 tnnt.
318 2155 449 2206 ceterum
463 2164 522 2208 non
538 2147 597 2222 ipsi
611 2150 802 2223 voluptatem,
818 2149 874 2208 sed
889 2149 977 2224 ipsos
989 2149 1134 2226 voluptas
1146 2151 1199 2210 ha-

222 2229 282 2302 bet,
308 2231 394 2290 errius
409 2237 460 2290 aut
474 2231 576 2307 inopia
591 2239 770 2307 torquentur
784 2239 835 2292 aut
850 2234 940 2308 oopia
961 2235 1198 2309 strangulantur,

223 2313 334 2386 miseri,
351 2315 377 2374 si
390 2314 572 2380 deseruntur
584 2315 621 2374 ab
633 2316 692 2389 illa,
706 2314 890 2390 miseriores,
906 2318 932 2376 si
945 2317 1123 2394 obruuntur,
1140 2318 1199 2379 sie·

223 2401 254 2454 ot
279 2396 423 2470 deprensi
451 2397 525 2458 mari
547 2398 668 2476 Syrtico
696 2400 788 2461 modo
813 2400 844 2460 in
872 2399 955 2460 sieoo
976 2399 1199 2478 relinquuntur,

191 2487 207 2538 2
223 2479 314 2540 modo
329 2487 462 2542 torrente
476 2483 559 2542 unda
573 2482 766 2546 fluctuantur.
795 2483 905 2562 Evenit
919 2491 1018 2545 autem
1033 2485 1093 2545 hoo
1107 2485 1200 2546 nimia

222 2563 451 2638 intemperantia
466 2571 496 2625 et
514 2581 617 2626 amora
633 2567 809 2626 oaeoaerei.
839 2583 909 2626 nam
930 2569 1009 2628 mala
1030 2584 1085 2644 pro
1107 2569 1199 2630 bonis

222 2647 334 2721 petenti
351 2648 558 2722 periculosum
571 2657 618 2710 est
632 2649 771 2725 adsequi.
797 2649 836 2712 Ut
852 2651 932 2712 seras
947 2667 1016 2711 oum
1028 2652 1135 2714 labore
1147 2669 1199 2728 pe·

220 2729 379 2806 nauloque
393 2747 540 2792 venamur
561 2741 591 2793 et
612 2739 767 2808 captarum
783 2751 907 2810 quoque
930 2735 1046 2795 illarum
1068 2737 1201 2797 sollicita

220 2815 383 2888 possessio
398 2823 454 2887 ast,
476 2832 572 2890 saepe
586 2817 664 2876 enim
680 2817 794 2878 laniant
807 2819 965 2880 dominos:
987 2819 1027 2879 ita
1048 2819 1199 2880 habentes

221 2911 349 2969 magnas
365 2897 538 2972 voluptates
554 2900 582 2958 in
600 2916 742 2974 magnum
759 2902 869 2962 malum
886 2917 1014 2962 evasere
1022 2910 1199 2980 captaeque

222 2993 343 3052 cepere.
367 2996 524 3056 quaeque
547 2985 649 3057 plures
665 2983 859 3058 maioresque
874 2993 952 3060 sunt,
976 3001 1013 3046 eo
1033 2984 1200 3048 illuminor

222 3077 258 3120 ae
282 3059 412 3135 plurium
440 3079 549 3126 servus
571 3073 633 3140 est,
662 3082 750 3140 quem
777 3069 895 3128 lelieem
920 3071 1030 3144 vulgus
1051 3071 1198 3146 adpellat.

186 3150 204 3204 3
222 3143 402 3204 Permanere
410 3147 517 3208 libetin
530 3149 588 3208 hae
599 3150 868 3212 etiamnunohuius
878 3152 922 3212 rei
930 3152 1070 3228 imagine.
1092 3169 1199 3230 quem-

221 3227 384 3290 admodum
400 3228 452 3305 qui
466 3231 631 3292 bestiarum
646 3232 756 3293 cubilia
769 3233 894 3310 indagat
907 3241 937 3296 et

540 3319 644 3390 laqueo
657 3323 781 3392 captare
791 3319 880 3393 feros

223 3409 333 3470 magno
352 3393 491 3456 aestimat
505 3404 534 3458 et

445 3483 521 3541 lotos
533 3483 654 3543 cunibus
667 3487 855 3546 oirmtmdare
868 3489 969 3560 sallus,
