2554 3888
1061 147 1083 192 1

289 235 339 297 ne
359 203 691 311 nunnourmnnen
712 239 832 300 anim.
855 252 880 304 1.
892 251 919 302 a.
1027 239 1090 306 175
1112 239 1113 242 ‘

102 405 144 448 sn
157 397 236 458 suut,
258 387 333 448 ethi
353 387 405 462 qui
419 388 539 448 levitate
555 395 703 450 vexantur
718 405 754 450 ac
774 389 876 450 taedio
894 390 1089 468 adsiduaque

104 473 274 531 mutatione
294 469 461 546 propositi,
483 471 594 546 quibus
618 487 742 548 semper
762 473 859 548 magis
881 477 982 550 placet
1002 478 1086 550 quod

101 555 301 630 reliquerunt,
324 563 354 615 et
367 553 418 628 illi,
442 557 494 630 qui
509 554 691 616 marceut'et
705 555 882 618 oscitanter.
909 559 997 619 adice
1018 576 1083 634 cos,

102 639 156 713 qui
172 655 233 700 non
250 637 336 698 aliter
358 654 449 713 quam
464 639 575 714 quibus
590 637 725 700 difficilis
740 655 867 701 somnus
888 649 945 715 est,
960 651 1085 706 versent

100 737 138 780 se
155 731 185 782 et
199 723 258 782 hoc
273 729 367 796 atque
382 723 432 782 illo
447 722 541 794 modo
557 731 744 797 conponunt,
760 724 859 784 donec
875 725 1006 800 quietem
1022 729 1083 788 los-

101 806 238 865 situdine
252 805 419 865 inveniant:
443 813 554 866 statum
574 807 653 866 tritae
674 822 750 868 suae
770 807 930 870 lonnando
953 809 1084 871 subinde

100 890 130 948 in
147 904 186 949 eo
202 888 371 950 novissime
386 896 514 963 manent,
530 888 560 949 in
576 907 638 966 quo
653 889 722 952 illos
739 907 800 951 non
816 893 951 956 mutandi
969 893 1082 970 odium,

100 973 160 1033 sed
176 972 370 1034 sene'ctusod
381 974 555 1034 novandum
569 974 655 1050 pigra
666 973 837 1050 deprendit
859 975 947 1036 adice
958 985 988 1037 et
1002 976 1080 1050 illue,
1185 997 1187 1002 ·

100 1056 155 1131 qui
169 1072 230 1116 non
242 1055 466 1118 inconstantiae
479 1058 552 1118 vitio
566 1075 671 1133 parurn
685 1060 770 1118 leves
783 1067 863 1132 sunt,
879 1060 934 1120 sed
947 1061 1080 1132 inertiae,

99 1147 131 1202 et
145 1140 325 1200 vivunt'non
341 1141 497 1216 quomodo
518 1143 632 1212 volunt,
655 1143 710 1202 sed
726 1139 883 1218 quomodo
904 1153 1081 1219 coeperunt.

99 1223 339 1284 Innumerabiles
357 1223 504 1300 deinceps
522 1225 725 1300 proprietates
737 1233 817 1300 sunt,
836 1227 989 1288 sedunus
1007 1227 1108 1288 elle-l

100 1316 170 1368 ctus
186 1307 259 1380 vitii,
274 1307 332 1368 sibi
348 1307 522 1383 displicere.
551 1310 617 1370 Hoc
635 1309 730 1369 oritur
741 1310 780 1370 ab
795 1309 974 1386 intemperie
989 1312 1080 1371 animi
1167 1329 1170 1334 ·

99 1399 130 1452 et
146 1390 361 1467 cupiditatibus
376 1392 489 1452 timidis
505 1400 557 1452 aut
567 1402 673 1467 parum
690 1395 863 1469 prosperis:
886 1393 938 1454 ubi
952 1402 1003 1454 aul
1018 1411 1079 1456 non

99 1475 222 1549 audent,
240 1483 385 1550 quantum
400 1476 632 1551 concupiscunt,
652 1485 779 1537 autnon
799 1485 1030 1552 consequuntur
1050 1485 1080 1538 et

99 1560 128 1618 in
153 1574 242 1634 spem
265 1561 320 1620 toti
342 1557 528 1634 prominent,
559 1575 681 1636 semper
705 1561 863 1622 instabiles
888 1561 1080 1637 mobilesque

99 1651 180 1715 sunt,
197 1643 282 1718 quod
298 1658 429 1704 necesse
443 1649 491 1702 est
507 1643 646 1703 accidere
660 1644 864 1719 pendentibus
875 1645 915 1705 ad
925 1652 998 1706 uota
1012 1661 1079 1708 sua.

100 1725 250 1788 omniuia
265 1735 394 1804 peryuut
414 1735 445 1787 et
458 1725 620 1787 inhonesta
638 1743 673 1787 se
687 1743 723 1788 ac
738 1727 873 1788 diflicilia
893 1729 1007 1791 docent
1027 1745 1079 1790 co·

98 1819 246 1886 gunlque,
262 1819 292 1872 ct
306 1811 357 1872 ubi
372 1811 438 1870 sine
452 1810 588 1885 praemio
603 1811 691 1872 labor
705 1820 760 1882 esl,
784 1819 905 1888 torquet
924 1813 993 1872 illos
1006 1811 1078 1872 inri-

98 1902 163 1954 tum
178 1895 326 1968 dedecus,
348 1909 404 1954 nec
419 1895 524 1956 dolent
539 1909 635 1968 prava
656 1909 700 1968 se,
715 1896 790 1968 [sed]
805 1897 915 1958 trustra
930 1895 1077 1956 voluisse.

97 1978 182 2038 Tunc
197 1977 267 2038 illos
290 1987 320 2038 el
337 1977 523 2054 poenitentia
543 1975 644 2052 coepti
664 1985 747 2039 tenet
766 1987 796 2039 et
810 1977 974 2054 incipiendi
989 1979 1109 2041 timor8

98 2061 300 2138 subrepitque
314 2061 365 2122 illa
372 2061 464 2121 animi
475 2061 593 2122 iactatio
605 2077 667 2122 non
678 2061 859 2124 invenientis
867 2064 989 2136 exitum,
1005 2063 1078 2138 quia

98 2161 157 2205 nec
171 2145 323 2221 imperare
338 2145 554 2220 cupiditatibus
569 2146 633 2206 suis
655 2137 713 2206 n‘ec
734 2147 864 2222 obsequi
885 2153 1025 2222 possunt
1047 2153 1077 2207 et

98 2230 251 2290 cunctatio
266 2231 345 2292 vitae
360 2245 467 2306 parurn
478 2244 515 2289 se
525 2229 705 2305 explicantis
720 2239 751 2292 et
763 2232 840 2292 inter
851 2231 995 2292 destituta
1004 2237 1077 2290 vota

97 2312 249 2387 torpentis
265 2313 455 2390 animisitus.
481 2329 561 2388 quae
576 2313 677 2374 omnia
689 2315 831 2388 graviora
845 2322 923 2388 sunt,
939 2313 991 2376 ubi
1003 2313 1104 2387 odioq

98 2396 284 2458 infelicitatis
300 2411 452 2472 operosae
466 2399 506 2457 ad
521 2399 614 2458 otium
630 2399 829 2473 perfugerant
842 2406 873 2458 et
892 2400 932 2459 ad
956 2403 1077 2458 secreta

98 2479 209 2554 studia,
238 2497 317 2557 quae
341 2480 405 2556 peti
426 2497 485 2540 non
509 2489 611 2557 potest
632 2481 811 2542 animus-ad
832 2480 931 2543 civilia
955 2488 1075 2541 erectus

98 2563 274 2640 agendique
292 2564 422 2640 cupidus
435 2573 465 2624 el
479 2573 585 2626 natura
599 2565 729 2640 inquies,
747 2581 853 2640 pamm
866 2563 983 2624 scilicet
996 2565 1026 2622 in
1040 2579 1075 2624 se

99 2647 278 2710 solatiorum
298 2647 431 2708 habens:
454 2647 525 2711 ideo
547 2649 690 2709 detractis
711 2647 973 2720 oblectationibus,
996 2663 1075 2722 quas

98 2734 187 2807 ipsae
203 2733 421 2808 occupationes
437 2731 677 2794 discurrentibus
693 2732 849 2808 praebent,
870 2732 1002 2805 domum,
1024 2747 1074 2791 so-

98 2815 265 2888 litudinem,
282 2815 413 2890 parietes
428 2833 489 2876 uon
506 2819 571 2890 lert,
592 2814 705 2876 invitus
726 2815 857 2891 adspicit
872 2831 907 2875 se
927 2815 985 2875 sibi
1005 2815 1073 2874 reli-

98 2906 190 2958 ctum.
221 2900 299 2959 Hinc
321 2899 395 2960 illud
410 2908 457 2962 est
470 2901 603 2962 taedium
624 2907 655 2960 el
674 2899 866 2975 displicentia
887 2899 935 2960 sui
953 2905 983 2958 et
1002 2912 1117 2964 nus-10

99 2998 192 3058 quam
213 2983 376 3044 residentis
398 2985 489 3045 animi
510 2984 654 3046 volutatio
675 2992 705 3045 et
725 2982 777 3046 olii
799 2981 847 3044 sui
867 2981 961 3044 tristis
982 2990 1073 3056 atque

97 3081 192 3140 aegra
205 3067 357 3141 patientia,
372 3067 477 3144 ulique
487 3069 539 3130 ubi
552 3084 663 3128 causas
678 3069 764 3129 lateri
776 3068 870 3142 pudet
883 3074 914 3126 el
924 3071 1074 3126 tormenta

97 3149 249 3211 introrsus
265 3151 325 3226 egit
342 3151 534 3226 verecundia,
555 3153 584 3211 in
606 3152 815 3228 augustumve]
829 3151 965 3210 inclusae
987 3148 1073 3225 cupi-

78 3233 208 3316 ,diales
222 3233 289 3294 sine
304 3235 387 3295 exitu
402 3250 437 3295 se
453 3233 541 3310 ipsae
549 3236 751 3309 strangulare
772 3233 844 3294 inde
858 3249 979 3294 moeror
993 3249 1072 3293 mar-

97 3331 215 3390 corque
236 3325 266 3378 et
285 3319 367 3378 mille
384 3317 495 3379 fluctus
520 3319 628 3378 mentis
649 3317 792 3390 incertae,
815 3333 906 3393 quam
928 3333 1002 3392 spes
1026 3318 1070 3376 in·

7 3459 8 3462 ,
97 3397 350 3462 choataehabent
365 3417 557 3477 suspensam,
572 3403 768 3477 deploratam,
789 3402 913 3462 tristem.
935 3400 1007 3460 inde
1020 3400 1072 3458 ille

96 3481 238 3545 adlectus
256 3487 358 3547 'otium
380 3503 469 3546 suum
488 3485 700 3547 detestantium
728 3483 979 3564 querentiumque
998 3480 1072 3540 nihil
