2554 3888
201 258 262 320 toa
348 341 350 346 Ι
414 255 446 315 ι.
462 254 608 314 nannai
624 253 975 316 sannoanumnnx.

202 411 308 469 decem
322 407 441 468 medios
454 421 555 480 usqae
568 404 609 463 ad
624 404 808 478 supplicium
824 403 890 462 dies
906 403 974 462 sine
988 404 1051 464 ulla
1062 403 1178 465 solliei-

201 493 304 553 tudine
320 489 486 566 exegisset
500 487 664 549 verisimile
678 503 740 547 non
755 493 812 560 eet,
828 502 909 562 quae
924 487 971 546 vir
984 485 1036 548 ille
1051 487 1178 562 dixerit,

173 577 281 652 'lquao
304 573 422 646 lecerit,
446 587 537 648 quem
552 573 582 630 in
597 571 762 646 tranquillo
776 569 876 630 luerit.
908 571 1048 632 Ludebat
1064 572 1179 632 latrun-

152 661 155 666 '
203 659 294 733 culis,
311 673 379 718 curn
391 657 526 716 ocaturio
539 671 647 730 agmen
659 655 858 731 periturorum
871 654 995 714 trahens
1006 655 1090 714 illurn
1101 672 1178 729 quo-

204 759 264 818 que
290 739 416 801 excitari
436 741 564 800 iuberet.
598 746 724 800 vocatus
745 738 915 798 numeravit
930 739 1067 799 calculos
1083 746 1113 800 et
1127 754 1177 798 so·

203 825 264 886 dali
279 841 352 886 suo:
378 825 459 897 uide,
477 823 588 898 inquit,
611 841 649 883 ne
657 829 727 898 post
739 829 861 883 nrormm
873 838 969 883 mecm
983 825 1137 883 mentieris
1152 829 1179 882 te

203 912 314 970 obisse.
348 915 410 967 tum
426 908 565 966 adnuens
581 905 766 967 centurioni=
791 909 884 979 testa,
910 906 1022 980 inquit,
1045 909 1106 967 eris
1119 922 1179 966 ono

203 1010 249 1052 me
261 992 443 1052 antecedere.
468 991 596 1051 Lusisse
610 998 643 1050 tu
657 989 777 1050 Kanum
791 989 843 1050 illa
857 989 960 1060 tabula
974 996 1086 1064 putast
1100 990 1177 1050 inlu-

176 1075 253 1136 sssit.
275 1073 390 1135 Tristes
404 1082 491 1135 erant
501 1073 590 1134 amici
602 1075 691 1134 talern
703 1073 846 1144 amissuri
858 1072 971 1132 virum:
986 1075 1060 1148 qaid
1068 1076 1178 1147 memb,

204 1159 317 1234 inquit,
332 1155 422 1219 estas?
446 1174 496 1218 vos
510 1161 651 1234 poematis
664 1175 706 1218 err
719 1161 890 1218 inmortales
903 1160 1023 1217 ammae
1035 1161 1110 1218 rint:
1124 1174 1179 1232 epo

203 1247 264 1304 tem
277 1247 380 1304 sciam.
401 1258 458 1302 nec
473 1241 564 1302 desiit
579 1241 736 1301 veritatem
751 1239 865 1316 inipso
880 1241 942 1300 tine
953 1241 1083 1302 scrutari
1096 1247 1178 1300 etex

176 1323 301 1388 9morte
317 1341 374 1388 sua
386 1327 599 1401 quaestionem
612 1324 736 1385 hebere.
757 1324 1005 1400 Prosequebatur
1017 1325 1100 1388 illurn
1111 1325 1179 1400 phi·
1266 1325 1267 1346 ¹

204 1411 354 1486 losophus
371 1426 446 1470 suus
460 1427 518 1470 neo
533 1411 591 1470 iarn
608 1410 714 1483 procul
729 1416 794 1468 erat
807 1410 956 1482 tumulus,
978 1407 1008 1468 in
1025 1425 1087 1484 qao
1103 1408 1179 1469 Cae·
1266 1411 1267 1470 ι

205 1495 268 1556 sari
283 1496 341 1554 deo
356 1501 462 1555 nostro
477 1494 570 1554 flebat
585 1493 769 1552 cotidianum
781 1507 912 1552 sacrum.
934 1493 964 1552 ls
976 1495 1057 1568 quid,
1070 1492 1178 1566 inquit,

203 1581 308 1650 Kone,
332 1574 564 1652 nuncapatur?
585 1584 638 1636 eet
660 1593 736 1651 quae
755 1577 808 1636 tibi
820 1593 903 1637 mear
917 1573 981 1638 est?
1007 1577 1179 1649 Observare,

205 1662 303 1736 inquit
316 1660 438 1734 Kaous,
460 1663 605 1736 proposui
616 1663 666 1720 illo
680 1663 857 1722 vaanenu
869 1666 1010 1722 momento
1023 1678 1064 1721 aar
1077 1677 1178 1722 sersu-

204 1761 258 1804 rus
271 1748 310 1804 sit
321 1748 437 1806 animos
449 1748 535 1805 extre
548 1761 588 1805 se.
612 1743 826 1820 promisitque,
841 1744 868 1804 si
885 1743 958 1819 quid
973 1747 1178 1820 explorasset,

207 1827 430 1888 circumiturum
444 1829 560 1888 amicos
572 1835 603 1888 et
612 1827 822 1903 indicaturum,
835 1826 907 1903 quie
917 1835 1000 1889 esset
1010 1829 1180 1888 animarum

165 1905 313 1973 10status.
341 1912 422 1972 Ecoe
436 1913 465 1972 in
480 1912 582 1972 media
595 1919 776 1987 tempestate
791 1911 1002 1987 tranquillitas.
1025 1927 1099 1972 ecoe
1115 1913 1178 1972 ani-

206 2014 275 2057 mus
299 1996 475 2056 aeternitate
491 1997 615 2070 dignae,
643 1997 802 2070 quitatum
818 2011 907 2056 auum
921 1995 951 2055 in
969 2003 1179 2071 argtnaentum

206 2081 270 2139 veri
286 2087 391 2152 vocat,
408 2080 459 2153 qui
474 2079 504 2138 in
518 2080 621 2138 ultimo
634 2079 684 2140 illo
702 2080 800 2154 gradu
811 2079 930 2154 positus
942 2079 1178 2141 exeuntemani·
1266 2077 1267 2092 ¹

206 2166 286 2221 mam
301 2168 515 2236 percunctatur
529 2179 585 2222 nee
602 2179 702 2238 usque
717 2163 757 2224 ad
771 2171 897 2224 mortem
911 2171 1035 2238 notun,
1053 2163 1111 2224 sed
1126 2162 1179 2223 ali·
1266 2177 1267 2214 t

209 2245 281 2320 quid
307 2243 396 2304 etiarn
420 2260 460 2304 ex
484 2246 553 2320 ipsa
568 2253 663 2307 morte
678 2247 781 2307 discit:
807 2263 896 2307 nomo
912 2247 1025 2310 diutius
1041 2249 1179 2324 pbiloso·
1266 2271 1267 2284 ι

208 2329 329 2402 phatus.
362 2327 425 2387 Sed
449 2345 510 2395 non
530 2331 645 2405 raptim.
658 2331 847 2406 relinquetur
861 2347 990 2406 magnus
1004 2333 1051 2392 vir
1065 2338 1095 2392 et
1109 2347 1179 2393 oum

209 2427 282 2472 cura
296 2409 461 2472 dicendast
483 2413 623 2474 dabimus
640 2423 670 2474 te
685 2416 714 2474 in
730 2423 851 2476 omnem
865 2416 1056 2491 memoriam,
1073 2415 1178 2476 elaris·
1266 2473 1267 2508 ,

208 2497 317 2557 simum
333 2502 439 2572 caput,
454 2497 585 2558 Gaianae
599 2499 694 2558 cladis
708 2515 818 2573 magne
833 2499 947 2574 portio!

181 2583 196 2634 1
271 2581 337 2641 XV.
357 2580 418 2640 Sed
433 2580 506 2640 nihil
523 2583 648 2657 prodest
665 2583 802 2658 privatae
816 2583 953 2644 tristitiae
969 2599 1081 2654 causas
1096 2583 1179 2642 abie-

209 2667 300 2726 cisse·
324 2667 547 2739 occupatenim
564 2681 791 2740 nonnumquam
807 2665 910 2727 odium
921 2666 1179 2742 generishumani

209 2757 240 2809 et
260 2749 391 2808 occurrit
404 2754 448 2808 tot
462 2751 612 2808 scelernm
628 2749 761 2810 leticiam
775 2749 879 2825 turba,
902 2767 971 2811 oum
985 2750 1179 2826 cogitaveris,

194 2875 196 2879 -
210 2848 300 2907 quarn
315 2831 354 2892 sit
368 2847 437 2891 rara
450 2832 629 2908 simplicitas
641 2839 671 2893 et
682 2849 775 2908 quam
784 2833 888 2908 ignota
900 2833 1073 2896 innocentia
1085 2841 1116 2896 et
1127 2833 1179 2893 bix

207 2931 367 2991 umquam,
383 2913 442 2975 nisi
458 2931 526 2976 oum
541 2911 680 2992 expedit,
696 2917 788 2992 fides,
803 2925 833 2978 et
846 2917 979 2980 libidinis
995 2919 1080 2978 lucra
1093 2917 1178 2978 dam·
1266 2969 1267 2986 ,

208 3015 310 3075 naque
325 2997 437 3074 pariter
450 2999 550 3060 invisa
565 3007 594 3060 et
608 2999 729 3062 ambitio
745 3018 846 3076 usque
859 3018 898 3062 eo
914 3003 974 3062 iarn
989 3018 1024 3062 se
1039 3001 1105 3062 sais
1116 3017 1178 3060 non

208 3082 366 3144 continens
382 3084 532 3158 terminia,
547 3091 581 3144 ut
595 3100 650 3160 per
663 3085 880 3160 turpitudinem
891 3086 1066 3161 splendeat:
1081 3085 1179 3161 agitur

208 3167 326 3226 animus
352 3166 383 3224 in
402 3173 521 3228 noctem
544 3175 574 3228 et
588 3170 670 3230 velut
689 3171 807 3230 eversis
821 3170 999 3243 virtutibus,
1026 3185 1104 3244 quas
1121 3184 1179 3228 nec

209 3263 335 3323 sperare
360 3250 430 3310 licet
453 3267 510 3310 nec
531 3252 643 3312 habere
664 3253 804 3327 prodest,
829 3254 973 3314 tenebrae
989 3253 1178 3314 oboriuntur.

175 3331 850 3409 2111hocitaquellectendisumus‚
876 3333 1178 3412 utomniavolgi

208 3415 306 3474 vitia
320 3429 393 3472 non
409 3413 538 3476 invisa
553 3419 681 3492 nobis,
700 3421 770 3480 sed
784 3421 953 3482 ridicula
967 3421 1181 3482 videantur

209 3504 239 3560 et
258 3498 461 3558 Democritum
488 3501 590 3574 potius
615 3503 762 3562 imitemur
788 3519 879 3579 quarn
902 3504 1096 3566 Heraclitum.
1130 3504 1180 3564 liic
1266 3545 1267 3600 ι
