2546 3890
213 226 276 291 ata
393 227 427 287 ι.
448 227 594 288 anunm
614 227 789 290 suuacna
803 197 911 290 'urna
926 231 989 290 ιιι.

215 381 350 443 titudinis
364 380 466 443 habet.
494 379 590 441 transi
608 381 646 441 ab
664 381 719 455 iis,
744 397 871 457 quarum
890 397 1018 444 amoena
1033 383 1146 458 positio
1162 392 1193 444 et

215 464 428 542 opportunitas
462 465 598 540 regionis
632 467 735 539 piures
769 465 880 526 adlicit.
921 465 1043 526 deserta
1066 469 1137 528 loca
1161 476 1194 528 et

215 548 401 625 asperrimas
422 549 556 622 insulas,
579 547 734 609 Sciathum
757 557 787 609 et
807 549 986 624 Seriphum,
1007 549 1144 628 Gyarum
1160 560 1192 610 et

215 633 371 694 Corsicam
389 647 553 708 percenset
570 633 682 693 nullum
697 631 836 693 invenies
851 632 984 706 exilium,
1000 632 1029 693 in
1046 651 1109 709 quo
1125 652 1188 696 non

183 715 325 792 antiquis
351 715 443 777 animi
468 731 562 777 causa
582 723 728 777 moretur.
759 716 834 790 Quid
858 723 917 777 tam
931 717 1044 777 nudum
1059 718 1191 778 inveniri

214 809 330 877 potest,
356 800 429 876 qnid
455 807 515 860 tam
535 800 694 874 abruptum
714 801 851 874 undique
873 816 964 876 quam
984 800 1044 862 hoc
1058 810 1193 862 saxum?

218 885 290 960 quid
306 883 345 942 ad
362 884 469 958 copias
483 881 659 958 respicienti
672 883 824 944 ieiuniust
846 884 919 959 quid
934 885 973 944 ad
988 883 1129 946 homines
1144 886 1188 945 in-

216 967 426 1028 mansuetius?
459 965 533 1041 quid
555 966 593 1027 ad
612 967 713 1042 ipsum
727 968 787 1028 loci
802 965 892 1028 situm
907 967 1082 1028 horridius?
1115 969 1190 1044 quid

217 1051 255 1112 ad
273 1051 350 1112 coeli
366 1058 503 1112 naturam
519 1051 788 1126 intemperantius?
803 1051 906 1126 pluras
918 1059 1018 1112 tamen
1034 1050 1083 1112 hic
1099 1067 1188 1127 pere-

216 1135 293 1210 grini
315 1150 405 1209 quam
427 1135 510 1194 cites
531 1135 710 1195 consistunt.
740 1135 847 1210 Usque
862 1150 900 1194 eo
915 1150 988 1210 ergo
1003 1138 1191 1197 conmutatio

215 1217 285 1294 ipsa
304 1219 442 1280 locorum
464 1219 566 1293 gravis
587 1205 725 1292 nonest,
746 1217 841 1280 uthic
858 1233 983 1294 quoquo
997 1219 1085 1280 locus
1100 1235 1119 1279 a
1133 1236 1188 1295 pa·

130 1315 133 1321 '
186 1303 271 1364 utria
288 1301 438 1379 quosdam
454 1301 623 1363 abduxerit
653 1303 778 1364 invenio
798 1303 849 1398 qui
864 1301 988 1363 dicant·
981 1317 1085 1363 messe
1100 1309 1191 1363 natu·

213 1387 309 1447 ralem
326 1387 489 1464 quamdam
503 1385 705 1447 imitationem
720 1383 828 1446 animis
843 1386 1037 1447 conmutandi
1052 1386 1146 1447 sedes
1158 1394 1193 1446 et.

213 1471 418 1532 transferendi
442 1469 604 1531 domicilia.
636 1469 757 1531 mobilis
777 1469 856 1530 enim
876 1475 906 1530 et
920 1468 1056 1546 inquieta
1070 1469 1189 1530 homini

212 1570 302 1616 mens
322 1555 393 1614 data
415 1560 476 1614 est=
503 1569 667 1629 numquam
690 1568 725 1614 se
738 1559 834 1628 tenet,
860 1553 1013 1629 spargitur
1027 1560 1058 1614 et
1072 1554 1188 1630 cogita·

212 1639 313 1700 tiones
335 1653 408 1698 suas
430 1638 459 1697 in
482 1637 582 1698 omnia
596 1645 668 1698 nota
682 1642 773 1712 atque
787 1637 890 1712 ignota
914 1637 1047 1712 dimittit,
1062 1653 1143 1712 vaga
1158 1645 1196 1697 et.

186 1722 326 1798 tquietis
341 1721 492 1797 inpatiens
506 1728 536 1781 et
552 1721 685 1783 novitate
698 1736 798 1782 rerum
814 1721 989 1782 laetissima.
1023 1722 1109 1797 quod
1123 1738 1188 1782 non

145 1857 146 1862 ,
214 1805 387 1879 miraberis,
410 1805 436 1866 si
458 1806 583 1881 primam
597 1805 664 1866 eins
679 1803 824 1880 originem
839 1805 1037 1882 adspexeris=
1062 1811 1188 1865 nonest
1263 1843 1264 1846 ,

215 1905 253 1950 ex
268 1895 388 1951 terreno
403 1895 433 1949 et
446 1888 531 1966 gravi
546 1897 690 1951 concreta
703 1904 843 1963 corpore.
867 1905 906 1949 ex
921 1889 973 1951 illo
985 1889 1110 1950 coelesti
1124 1889 1184 1963 spi·

213 1973 273 2035 ritu
289 1973 457 2035 descendit.
490 1972 668 2036 coelestium
683 1979 784 2034 autem
799 1980 904 2034 natura
918 1988 1041 2049 semper
1056 1971 1086 2031 iu
1102 1979 1185 2031 motu
1256 2025 1260 2030 .

214 2065 276 2129 est,
303 2059 378 2132 sugit
403 2064 434 2117 et
457 2057 654 2118 velocissimo
673 2071 766 2120 cursu
787 2057 892 2132 agitur.
923 2056 1062 2132 Adspice
1083 2055 1186 2116 sidera

214 2140 360 2202 mundum
386 2139 589 2201 inlustranda:
616 2143 730 2202 nullum
755 2157 862 2202 eorum
887 2147 1013 2216 perstat.
1050 2137 1187 2214 „labitur

214 2223 344 2284 adsidue
352 2228 369 2256 ‘⁴
382 2230 418 2282 et
436 2225 537 2284 locum
559 2239 597 2284 ex
618 2225 687 2286 loco
703 2231 797 2286 mutat
810 2231 854 2298 et,
880 2223 1020 2300 quamvis
1036 2239 1105 2283 cum
1120 2223 1184 2282 uni-

213 2322 306 2368 verso
321 2314 470 2380 vertatur,
486 2307 514 2366 in
531 2307 716 2368 contrarium
732 2307 926 2368 nihilominus
937 2307 997 2383 ipsi
1011 2305 1127 2368 mundo
1138 2321 1185 2365 re·

213 2391 322 2462 fertur,
351 2392 524 2467 peremnis
546 2391 701 2467 signorum
722 2400 826 2468 partes
840 2390 996 2465 discurrit,
1020 2405 1186 2466 numquam

213 2474 336 2536 resistit.
362 2483 509 2551 perpetua
523 2475 590 2537 eius
602 2476 726 2551 agitatio
738 2483 768 2534 et
779 2473 901 2536 aliunde
913 2473 973 2536 alio
985 2473 1191 2548 conmigratio

183 2566 271 2623 liest.
305 2558 411 2620 Omnia
432 2559 594 2621 volvuntur
607 2575 730 2634 semper
744 2566 775 2620 et
787 2558 817 2618 in
832 2557 960 2620 transitu
976 2565 1054 2619 sunt.
1087 2563 1120 2616 ιιι
1136 2557 1187 2616 lex

214 2649 246 2704 et
265 2653 390 2704 naturae
412 2642 582 2704 necessitas
597 2643 762 2717 ordinavit,
786 2642 909 2704 aliunde
923 2643 983 2703 alio
997 2641 1186 2702 deferuntur.

214 2742 284 2788 cum
310 2742 365 2800 per
389 2734 471 2786 certa
497 2743 644 2788 annorum
664 2726 763 2802 spatia
778 2726 870 2787 orbes
883 2741 959 2788 suos
974 2722 1186 2801 explicuerint,
1260 2729 1261 2797 g

214 2809 323 2872 iterum
337 2809 423 2870 ibunt
438 2826 493 2885 per
509 2826 588 2885 quae
603 2817 763 2870 venerant:
778 2808 788 2868 i
803 2825 883 2871 nunc
898 2816 929 2870 et
941 2809 1107 2870 humanum
1122 2807 1187 2881 ani·

214 2909 296 2952 mum
312 2909 349 2952 ex
368 2893 482 2966 isdem,
504 2893 616 2969 quibus
631 2893 736 2954 divina
750 2899 906 2966 constant,
916 2891 1097 2953 'seminibus
1112 2907 1185 2951 con·

213 2977 347 3052 positum
373 2978 500 3038 moleste
525 2977 604 3037 terre
628 2977 787 3038 transitum
808 2991 845 3036 ac
864 2975 1075 3052 migrationem
1097 2981 1186 3050 puta,

215 3076 284 3120 cum
309 3060 358 3120 dei
377 3067 485 3120 natura
506 3060 636 3121 adsidua
658 3067 689 3121 et
704 3059 881 3121 citatissima
896 3059 1122 3158 conmutatione
1136 3059 1186 3117 vel

214 3142 345 3203 delectet
357 3159 392 3202 se
411 3144 458 3203 vel
474 3152 645 3206 conservet.

187 3229 201 3286 l
275 3226 342 3285 Vll.
373 3228 401 3286 A
423 3227 609 3290 coelestibus
633 3227 769 3323 agedum
778 3233 809 3286 te
822 3226 862 3287 ad
875 3209 1009 3288 humana
1023 3231 1187 3286 conuerte·

179 3308 332 3370 videbis
365 3317 471 3384 gentes
498 3314 695 3406 populosque
718 3310 881 3375 universos
907 3315 1043 3370 mutasse
1068 3308 1187 3372 sedem.

214 3390 287 3468 quid
312 3391 370 3451 sibi
393 3393 525 3454 volunt
517 3411 547 3454 m
564 3393 672 3456 mediis
688 3394 886 3454 barbarorum
901 3392 1077 3468 regionibus
1093 3389 1187 3451 Grae

213 3489 268 3538 coe
282 3473 397 3536 urbest
419 3466 493 3551 q'uid
508 3476 585 3546 itrter
598 3478 692 3538 Indos
704 3477 879 3554 Persasque
888 3475 1109 3537 Macedonicus
1122 3485 1187 3535 scr
