2528 3906
196 261 256 323 126
371 262 404 320 L.
427 262 572 322 ANNAEl
595 261 769 322 SENECAE
790 265 892 324 DlAL.
915 266 966 324 Vl.

196 424 239 476 tot
254 416 462 490 rogationibus
482 416 559 474 intra
580 424 707 490 penates
723 417 932 490 interemptum
949 433 1040 491 suoS,
1057 418 1169 477 amise—

195 509 240 560 rat
256 501 369 559 incerto
387 498 490 558 caedis
506 506 639 558 auctore.
660 505 758 558 tamen
776 507 806 558 et
820 499 960 559 acerbam
972 508 1098 560 mortem
1114 503 1172 560 lilii

197 591 226 642 et
240 583 362 641 inultam
376 590 436 643 tam
455 597 565 656 magno
581 582 680 642 animo
695 581 768 654 tulit,
791 597 880 656 quam
901 582 968 658 ipse
983 585 1067 658 leges
1091 587 1170 644 tule-

163 676 180 727 5
195 673 249 726 rat.
271 666 408 726 lamcunr
419 665 536 725 lortuna
551 665 727 740 ingratiam,
742 664 866 739 Marcia,
882 667 1052 738 reverteris
1069 669 1095 726 si
1107 669 1171 726 tela

196 751 318 824 quaein
336 748 497 823 Scipiones
512 747 751 824 Scipionumque
771 749 882 808 matres
903 766 940 808 ac
959 750 1039 810 tilios
1054 751 1169 825 exegit,

196 833 307 907 quibus
323 833 469 892 Caesares
485 830 578 908 petiit,
601 847 639 891 ne
654 848 671 891 a
686 839 716 892 te
737 830 858 906 quidem
880 833 1047 894 continuit?
1073 833 1170 893 Plena

195 923 225 975 et
239 916 347 975 infesta
362 916 454 974 variis
467 915 590 975 casibus
601 915 663 975 vita
674 921 728 987 est,
744 930 762 974 a
778 913 888 989 quibus
904 917 976 976 nulli
992 917 1083 992 longa
1096 933 1168 992 pax,
1255 943 1256 950 ,

195 999 246 1058 vix
267 997 406 1058 induciae
426 1005 505 1058 sunt.
542 997 676 1071 Quatuor
696 997 809 1058 liberos
835 1000 1018 1072 sustuleras,
1040 999 1169 1060 Marcia.
1255 1005 1256 1040 ἓ

195 1083 306 1142 nullum
328 1083 412 1141 aiunt
433 1083 543 1141 frustra
569 1082 679 1140 cadere
700 1082 808 1154 telum,
838 1083 921 1156 quod
944 1083 973 1141 in
996 1084 1169 1142 confertum

194 1181 301 1239 agmen
317 1165 475 1225 inmissum
491 1171 551 1224 est:
573 1165 680 1224 mirum
700 1170 748 1224 est
761 1171 872 1224 tantam
889 1165 1004 1226 turbam
1026 1183 1086 1226 non
1111 1183 1166 1240 po·

164 1258 180 1313 6
196 1249 290 1309 tuisse
306 1247 372 1309 sine
387 1249 499 1307 invidia
517 1249 668 1307 damnove
684 1246 894 1322 praetervehit
919 1251 986 1322 „At
1005 1249 1076 1308 hoc
1090 1249 1165 1309 ini·

195 1330 1165 1408 quiorlortunaluit,quodnontantumeripuitli-
1256 1327 1257 1368 ³

193 1417 283 1488 lloS,
305 1417 372 1476 sed
388 1414 539 1489 elegit.“
560 1415 709 1488 Numqum
724 1420 824 1473 tamen
840 1414 979 1474 iniuriam
995 1416 1109 1475 dixeris
1125 1433 1166 1475 ex

192 1515 293 1574 aequo
309 1515 376 1558 cunr
394 1500 563 1573 potentiore
579 1497 723 1570 dividere,
745 1497 891 1557 duastibi
906 1497 1027 1573 reliquit
1042 1499 1120 1558 filias
1137 1508 1167 1558 et

192 1583 299 1642 harum
321 1590 459 1656 nepotes.
493 1588 523 1640 et
541 1580 656 1655 ipsum,
685 1596 773 1654 quem
794 1581 923 1641 maxime
945 1583 1031 1656 luges
1051 1583 1166 1656 prioris

193 1667 293 1739 oblita,
314 1681 374 1724 non
391 1681 429 1724 ex
445 1671 505 1724 toto
528 1664 666 1725 abstulit:
687 1663 783 1724 habes
804 1667 843 1724 ex
862 1664 913 1726 illo
929 1665 1006 1725 duas
1027 1665 1115 1738 filias,
1138 1665 1166 1725 si
1257 1723 1258 1732 ,

193 1750 271 1809 male
287 1751 358 1822 lers,
374 1765 484 1824 magna
495 1763 596 1819 onera,
613 1746 741 1822 sibene,
757 1763 866 1822 magna
881 1750 997 1810 solatia.
1017 1749 1047 1807 in
1063 1749 1122 1810 hoc
1136 1755 1167 1808 te

194 1833 344 1908 perduxit,
361 1839 395 1893 ut
410 1833 477 1909 illas
498 1847 565 1891 cum
582 1830 706 1904 videris,
730 1832 924 1892 admonearis
944 1832 1006 1904 filii,
1028 1848 1089 1892 non
1110 1833 1164 1892 do-

162 1923 177 1979 7
193 1918 272 1977 loris.
296 1917 441 1991 Agricola
454 1915 570 1976 eversis
582 1915 751 1990 arboribus,
770 1932 846 1990 quas
862 1922 914 1976 aut
931 1923 1038 1976 ventus
1055 1917 1163 1976 radici-

192 2009 240 2061 tus
256 2001 366 2060 evulsit
380 2007 431 2060 aut
445 2005 601 2059 contortus
622 1998 779 2073 repentino
795 1999 900 2074 inpetu
920 1999 1007 2060 turbo
1029 2001 1166 2074 praetre·
1258 2035 1259 2058 ι

191 2085 241 2158 git,
258 2085 395 2144 sobolem
413 2099 450 2142 ex
466 2083 523 2141 illis
539 2081 691 2142 residuam
707 2083 790 2143 lovct
803 2090 833 2142 et
852 2083 1031 2143 amissarum
1048 2085 1167 2144 semina

192 2168 290 2226 statim
306 2167 489 2240 plantasque
505 2165 648 2240 disponit.
677 2174 707 2226 et
720 2175 889 2240 momento,
910 2183 979 2226 nam
1001 2175 1034 2226 ut
1050 2167 1088 2226 ad
1111 2167 1166 2226 da-

135 2243 137 2248 ’
191 2266 270 2324 nrnn,
284 2249 323 2309 ita
335 2250 374 2308 ad
386 2251 569 2309 incrementa
580 2249 719 2323 rapidum
733 2252 883 2326 veloxque
895 2257 1014 2324 tempus
1026 2252 1165 2319 estudu-

160 2333 177 2388 8
192 2334 308 2392 lescunt
322 2331 444 2393 amissis
459 2333 592 2392 laetiora.
612 2332 676 2394 Has
692 2349 772 2394 nunc
785 2334 889 2396 Metilii
904 2335 943 2394 tui
958 2335 1037 2394 filias
1051 2335 1080 2392 in
1097 2335 1166 2394 eius

191 2417 289 2475 vicem
302 2416 451 2478 substitue
466 2423 496 2475 et
512 2423 668 2476 vacantem
685 2418 782 2477 locam
798 2419 896 2494 exple.
918 2435 1010 2478 unum
1027 2418 1165 2478 dolorem

191 2501 342 2574 geminato
358 2500 466 2561 solatio
479 2501 557 2559 leva
578 2500 634 2560 Est
648 2501 769 2575 quidem
783 2499 857 2561 haec
875 2509 982 2561 natura
994 2501 1165 2561 mortalium

193 2593 223 2645 ut
241 2583 313 2643 nihil
334 2582 431 2659 magis
448 2585 566 2658 placeat
581 2599 671 2658 quarn
689 2584 771 2658 quod
786 2586 931 2645 amissum
949 2592 1003 2644 est.
1033 2584 1164 2658 iniquio-

190 2684 240 2728 res
256 2684 363 2728 sumus
380 2668 529 2727 adversus
547 2667 651 2726 relicta
672 2674 843 2742 ereptorum
865 2667 1029 2728 desiderio.
1060 2668 1115 2726 sed
1138 2667 1165 2725 si

191 2751 350 2810 aestimare
367 2751 509 2824 volueris,
531 2766 621 2824 quam
643 2751 732 2810 valde
754 2751 806 2811 ribi
827 2753 962 2823 lortuna,
984 2751 1072 2811 etiam
1095 2766 1164 2810 cum

191 2833 340 2912 saevierit,
365 2834 543 2909 pepercerit,
565 2834 646 2911 scies
660 2840 690 2892 tc
706 2834 818 2893 babere
835 2836 902 2909 plus
924 2839 1014 2908 quam
1038 2834 1164 2892 solutior

190 2917 312 2991 respice
324 2924 368 2977 tot
382 2924 519 2992 nepotes,
536 2917 613 2977 duas
626 2917 713 2977 filias.
737 2917 785 2977 dic
801 2918 871 2977 illud
886 2933 1018 2992 quoqne,
1033 2916 1164 2976 Marcia:

190 3015 356 3074 „moverer,
378 2999 404 3060 sl
421 3005 504 3059 esset
525 3001 635 3075 cuique
656 3001 776 3060 fortuna
798 3017 853 3075 pro
869 2999 1004 3060 moribus
1026 3007 1056 3059 et
1076 3015 1164 3058 mnn-

190 3099 280 3157 quam
298 3084 377 3142 mala
390 3083 490 3143 bonos
506 3090 720 3157 sequerentur:
741 3100 821 3143 nunc
837 3084 926 3143 video
943 3091 1084 3158 exempto
1101 3081 1164 3142 dis·

190 3167 314 3225 crimine
329 3167 437 3226 eodem
452 3167 543 3226 modo
559 3169 655 3226 malos
669 3166 832 3241 bonosque
847 3167 982 3227 iactari.“

159 3258 173 3310 1
250 3249 342 3308 XVll.
364 3250 483 3324 „Grave
500 3257 548 3310 cst
567 3257 675 3320 tamen,
699 3267 789 3325 quem
810 3251 989 3309 educaveris
1011 3250 1163 3321 iuvenem,

188 3333 246 3391 iam
262 3333 357 3406 matri,
373 3333 430 3392 iam
445 3333 520 3407 patri
535 3333 720 3406 praesidium
730 3349 766 3393 ac
778 3335 884 3406 decus,
899 3333 1065 3392 amittere.“
1088 3331 1164 3404 Quis

188 3423 279 3490 negat
299 3431 392 3490 grave
414 3423 506 3474 esset
533 3416 588 3474 sed
608 3415 806 3476 humanum
826 3423 891 3475 est.
921 3417 958 3475 ad
981 3416 1040 3476 hoc
1060 3415 1166 3488 genita

188 3515 232 3572 es,
247 3506 279 3558 ut
294 3499 450 3573 perderes
471 3505 504 3557 ut
518 3497 649 3572 perires,
671 3507 702 3559 ut
716 3515 873 3573 sperareS,
896 3505 1063 3571 metueres,
1084 3498 1164 3557 alios
