2546 3890
197 179 261 246 248
413 179 446 240 L.
457 179 604 240 ANNAEI
619 179 796 242 SENECAE
808 180 912 242 DIAL.
925 180 991 242 xit.

199 349 252 394 sar
266 332 441 407 Augustus,
463 345 553 408 quem
567 329 640 390 mihi
655 329 775 392 videtur
788 345 888 390 rerum
905 337 1013 390 natura
1026 331 1179 406 edidisse,

198 424 234 478 ut
254 415 444 488 ostenderet,
467 414 540 488 quid
561 429 679 473 summa
699 411 773 474 vitia
786 414 815 474 in
832 415 1087 480 summa-lortuna
1101 433 1178 490 pos·

199 505 283 572 sent,
306 499 420 558 centies
445 497 586 557 sestertio
611 495 752 558 coenavit
772 514 833 558 uno
859 492 917 558 die.
946 497 1019 560 etin
1034 497 1095 558 hoc
1111 516 1176 558 omu

201 585 284 642 nium
305 581 449 640 adiutus'
441 579 563 656 ingenio
581 581 629 640 vix
645 588 743 642 tamen
761 575 898 654 invenlt,¹
913 581 1069 656 quomodo
1085 581 1178 642 trium

170 663 428 742 aprovinciarum
448 663 592 724 tributum
614 680 677 724 una
692 680 791 744 coena
802 665 899 724 lieret
933 661 956 724 Ο
971 662 1176 736 miserabiles,

201 764 331 834 quorum
351 748 485 823 palatum
505 746 563 807 nisi
583 748 624 808 ad
644 739 798 824 pretiosos
809 741 905 810 cibus
925 743 987 810 non
1009 747 1174 808 excitatur!

201 829 356 908 pretiosos
377 839 478 892 autem
500 847 561 891 nou
583 831 713 892 eximius
734 847 829 908 sapor
847 839 897 899 aut
917 831 1020 907 aliqua
1041 831 1175 892 faucium

201 915 341 986 dulcedo,
357 915 414 975 sed
427 913 534 974 raritas
550 920 580 974 ct
590 914 754 976 difficultas
767 914 981 990 parandilacit.
1003 913 1177 989 alioquinsi

200 999 241 1058 ad
249 1014 353 1058 sanam
361 997 420 1059 illis
429 1003 560 1058 mentem
571 999 815 1076 placeatreverti,
828 997 901 1073 quid
910 1014 990 1074 opus
999 997 1176 1058 esttotarti·

201 1082 260 1141 bus
274 1080 369 1142 ventri
382 1081 606 1142 servientibus?
622 1083 695 1156 quid
706 1082 904 1142 mercaturis?
919 1081 993 1158 quid
1003 1081 1177 1142 vastatione

200 1166 367 1227 silvarum?
381 1166 453 1240 quid
468 1165 610 1238 proluudi
617 1166 879 1240 perscrutatione?
889 1163 1175 1257 passiniaoontall-

200 1258 310 1321 menta,
324 1264 513 1323 quaererem
526 1235 1178 1342 naturaomuihuslocisdephsuitsedhaec

201 1333 284 1392 velut
300 1347 383 1392 caeci
391 1339 585 1394 transeunte?
592 1348 700 1393 ornnes
707 1347 849 1408 regrones
857 1339 1070 1407 pervn0antur,
1078 1347 1177 1390 marra

200 1416 342 1476 traiciunt
363 1424 407 1489 et,
430 1432 496 1475 curn
517 1418 626 1476 lumem
647 1416 758 1490 exiguo
779 1416 901 1492 possint
919 1416 1045 1489 sedare,
1061 1429 1178 1488 magno

169 1501 330 1565 ainritant.
355 1499 441 1558 Libet
461 1501 578 1558 dicere:
600 1500 675 1575 quid
695 1499 845 1560 deducitis
866 1505 983 1560 naves?
1008 1498 1083 1573 quid
1108 1513 1174 1556 ma-

201 1600 259 1642 nus
285 1589 316 1642 et
343 1583 492 1642 adversus
522 1584 603 1644 ieras
632 1591 662 1644 et
690 1584 840 1644 adversus
861 1583 1000 1646 homines
1028 1583 1178 1644 armatis?
1263 1625 1264 1638 ,

202 1666 275 1740 quid
298 1671 379 1724 tanto
396 1666 522 1726 tumultu
537 1665 726 1728 discurritis?
747 1667 819 1742 quid
835 1683 912 1744 opes
927 1665 1038 1742 opibus
1054 1665 1176 1738 adgeri-

201 1750 260 1810 tis?
275 1764 336 1808 non
352 1748 443 1808 vultis
460 1749 606 1823 cogitare,
624 1768 715 1826 quarn
732 1767 826 1826 parva
839 1751 929 1812 vobis
946 1765 1078 1825 corpora
1093 1749 1178 1806 sint?

201 1848 304 1894 noune
324 1833 409 1893 furor
423 1840 453 1892 et
467 1833 589 1894 ultimus
604 1837 747 1896 mentium
763 1837 848 1896 error
864 1841 925 1906 est,
949 1849 1017 1894 eum
1033 1839 1092 1894 tum
1109 1831 1174 1890 exi·

201 1933 294 1992 guum
312 1915 427 1991 capias,
441 1931 554 1991 cupere
569 1919 714 1978 multum?
735 1919 820 1979 Licet
833 1917 936 1993 itaquo
951 1915 1088 1992 augeatis
1102 1931 1173 1974 cen-

202 2017 273 2073 sus,
297 2001 502 2074 promoveatis
517 2001 610 2062 fines:
632 2018 794 2078 numquam
810 2009 908 2062 tamen
925 2015 1056 2076 corpora
1071 2006 1176 2058 vestra
1264 2021 1265 2026 ¹

200 2083 352 2144 laxabitis.
386 2082 459 2142 Cum
482 2082 559 2142 bene
581 2086 711 2146 cesserit
729 2085 909 2162 negotiatio,
930 2086 1054 2145 multum
1068 2082 1175 2142 militia

200 2166 350 2237 retulerit,
374 2180 441 2234 cum
462 2167 595 2241 indagati
616 2168 752 2245 undique
767 2165 826 2230 cibi
841 2169 982 2244 coierint,
1002 2183 1064 2229 non
1080 2165 1174 2225 habe·

170 2247 286 2320 tultis,
307 2248 360 2308 uhi
375 2248 452 2308 istos
472 2250 638 2324 adparatus
659 2259 781 2314 vestros
802 2255 980 2316 conlocatis.
1016 2251 1094 2326 Quid
1112 2256 1175 2330 tarn
1264 2297 1265 2310 ,

201 2331 294 2392 multa
308 2332 509 2407 conquiritis?
530 2332 652 2396 Scilicet
666 2337 797 2397 maiores
812 2337 916 2410 nostri,
933 2352 1064 2412 quorum
1077 2335 1175 2394 virtus

123 2455 125 2458 -
202 2417 372 2474 etiamnunc
388 2415 458 2476 uitia
473 2425 577 2478 nostra
591 2427 755 2493 sustentat,
776 2420 913 2482 infelices
928 2427 1030 2494 erant,
1047 2417 1100 2493 qui
1114 2418 1175 2477 sihi

201 2516 292 2560 manu
307 2516 365 2560 sua
378 2499 527 2574 parabant
541 2500 654 2574 cibum,
671 2504 782 2578 qulbus
796 2511 877 2566 terra
891 2504 991 2566 cubile
1006 2510 1078 2573 erat,
1096 2518 1174 2577 quo-

199 2599 265 2642 rum
286 2590 367 2643 tecta
385 2585 519 2644 nendum
540 2602 614 2646 auro
635 2588 804 2664 fulgebant,
826 2591 955 2664 quorum
969 2587 1082 2662 templu
1097 2601 1173 2645 non-

200 2668 272 2726 dnm
293 2667 421 2740 gemmis
438 2666 581 2729 nitebant.
611 2669 715 2746 itaque
729 2679 802 2732 tunc
816 2687 872 2748 per
885 2669 994 2732 fictiles
1009 2671 1087 2730 deos
1102 2667 1172 2727 reli·

199 2751 287 2823 giose
302 2750 464 2811 iurabatur.
494 2751 546 2826 qut
560 2753 629 2814 illos
643 2755 875 2830 invocaverant,
890 2755 930 2816 ad
944 2754 1065 2816 hostem
1081 2750 1173 2811 mori-

168 2831 272 2906 ssturi,
293 2848 332 2891 ne
347 2834 499 2910 fallerent,
521 2837 669 2898 redibant.
693 2837 817 2899 Scilicet
830 2838 930 2900 minus
945 2839 1034 2900 beate
1050 2835 1173 2896 vivebat

200 2917 329 2976 dictator
343 2925 461 2992 noster,
485 2917 538 2994 qui
553 2917 731 2982 Samnitium
744 2923 863 2997 legatos
879 2923 987 2996 audiit,
1003 2937 1072 2981 cum
1087 2917 1171 2980 vilis·

200 3001 308 3060 simum
330 3000 429 3061 cibum
451 3000 489 3066 in
500 3003 568 3065 loco
584 3005 653 3080 ipsc
667 3023 758 3066 manu
774 3023 830 3066 sua
845 3013 996 3078 versaret,
1018 3004 1086 3075 illa,
1110 3018 1172 3076 qua

198 3083 258 3147 iam
280 3099 374 3159 saepe
395 3084 516 3146 hostem
536 3097 732 3162 percusserat
750 3089 969 3166 laureamque
962 3105 992 3148 rn
1010 3049 1171 3182 Capitolini

131 3201 133 3204 -
197 3166 280 3226 lovis
300 3167 414 3242 gremio
435 3178 630 3246 reposuerat,
652 3189 741 3250 quam
757 3173 883 3249 Apicius
905 3170 1172 3234 nostramemoria

200 3247 289 3322 vixit,
312 3249 363 3324 qui
379 3251 408 3310 in
424 3267 461 3312 ea
476 3253 567 3328 urbe,
589 3271 628 3314 ex
645 3273 705 3332 qua
720 3257 885 3331 aliquando
899 3254 1075 3332 philosophi
1091 3253 1173 3314 velut

198 3339 394 3406 corruptores
409 3333 573 3398 iuventutis
591 3339 694 3400 abire
686 3341 763 3401 russi
775 3348 854 3415 suut,
868 3340 1023 3400 scientiam
1036 3337 1172 3413 popinae

196 3415 361 3489 protessus
386 3415 549 3492 disciplina
572 3439 630 3481 sua
651 3425 788 3484 seculum
809 3423 920 3484 iniecit.
953 3422 1041 3486 cuius
1057 3420 1172 3482 exitum
