2554 3888
290 229 341 328 ItE
355 227 688 300 TRANQUILLITATE
701 229 823 288 ANIMI.
840 239 882 290 10.
895 239 938 291 11.
1038 231 1100 296 187

125 381 240 440 minum
255 379 364 453 figere,
380 394 437 440 neo
452 381 590 441 fortunae
602 381 755 440 arbitrium
767 381 926 442 desinendi
938 384 1026 458 dare,
1044 387 1100 446 sed

124 465 214 538 ipsos
229 463 322 523 multo
338 464 460 537 quidem
478 465 551 524 eitra
567 471 677 540 [quam]
691 468 832 539 exempta
845 466 1010 542 hortentur,
1028 485 1098 528 cun·

119 549 252 607 sistere:
268 547 313 606 sic
328 553 358 606 et
372 547 493 622 aliquae
508 547 689 623 cupiditates
705 549 834 610 animum
850 559 974 625 acuent,
990 559 1020 610 et
1033 552 1100 611 fini·

123 638 175 690 tae
189 646 250 689 non
263 631 292 688 in
305 631 476 696 inmensum
490 633 699 707 incertumque
715 633 892 708 producent.

188 714 239 772 XI.
259 715 311 772 Ad
330 713 573 788 inperfectos
589 717 859 776 etmediocres
879 724 915 777 et
932 719 1028 777 male
1044 723 1125 778 sat

122 797 1098 876 noshicmcussermopertinet‚n0nadsapientem.
1181 797 1182 800 ’

125 881 203 940 Huic
223 896 284 940 non
301 879 405 940 timide
421 896 477 940 nec
498 883 680 955 pedetentim
696 883 910 944 ambulandum
927 891 982 944 est.
1016 893 1099 945 tanta

121 964 206 1024 enim
228 964 341 1022 fiducia
356 963 404 1023 sui
421 971 483 1036 est,
504 972 538 1024 ut
553 964 673 1024 obviam
692 967 832 1026 fortunae
846 968 890 1026 ire
905 984 967 1028 non
983 969 1099 1028 dubitet

124 1063 183 1106 nec
203 1063 348 1121 umquam
370 1049 439 1108 foco
461 1047 503 1105 itti
518 1063 663 1108 cessurus
679 1048 726 1108 sit.
748 1050 928 1123 nechabet,
950 1050 1002 1111 ubi
1017 1052 1098 1110 ittam
1192 1055 1198 1062 “

122 1131 242 1202 timeat,
259 1130 331 1203 quia
346 1148 406 1191 non
421 1133 571 1206 mancipia
586 1139 699 1192 tanturn
714 1134 995 1208 possessionesque
1010 1143 1040 1194 et
1054 1135 1098 1194 di-

123 1215 283 1288 gnitatem,
307 1215 364 1274 sed
384 1230 498 1288 corpus
519 1231 642 1290 quoque
662 1232 751 1276 suum
765 1222 796 1276 et
809 1219 917 1277 oculos
932 1224 962 1276 et
976 1235 1097 1277 manum

121 1304 154 1356 et
176 1296 322 1372 quioquid
344 1298 491 1358 cariorem
513 1299 604 1358 vitam
620 1300 768 1359 facturum
785 1301 865 1376 [est]‚
887 1315 984 1374 seque
998 1303 1097 1376 ipsum

122 1382 201 1440 inter
216 1381 357 1455 precaria
371 1390 509 1442 numerat
522 1383 658 1456 vivitque
672 1390 705 1442 ut
720 1384 929 1443 commodatus
942 1384 999 1442 sibi
1011 1391 1041 1442 et
1051 1401 1098 1443 re-

122 1463 323 1538 poscentibus
346 1465 412 1524 sine
431 1465 550 1524 tristitia
571 1465 756 1526 redditurus.
794 1467 856 1525 Nec
876 1467 946 1526 ideo
965 1468 1034 1526 -viiis
1052 1469 1125 1526 esta

120 1546 197 1621 sibi,
215 1548 287 1622 quia
302 1547 360 1607 scit
375 1563 411 1606 se
425 1565 514 1608 suum
530 1564 589 1608 non
606 1565 692 1624 esse,
707 1551 763 1610 sed
781 1549 882 1610 omnia
896 1559 956 1610 tam
972 1551 1097 1625 diligen-

122 1640 168 1691 ter
183 1633 288 1704 faciet,
303 1639 365 1690 tam
380 1632 615 1707 circumspecte,
632 1650 722 1708 quam
738 1633 902 1708 religiosus
917 1633 1009 1694 homo
1027 1651 1096 1693 san-

121 1723 254 1788 ctusque
270 1715 436 1774 sotettueri
449 1715 704 1778 fideicommissa.
726 1717 1097 1791 Quandocumqueautem

121 1799 255 1858 reddere
269 1798 436 1874 iubebitur,
460 1817 519 1859 non
535 1808 677 1874 queretur
693 1817 762 1860 eum
777 1803 911 1873 fortuna,
938 1801 1097 1871 seddieitz

121 1882 262 1956 „gratias
278 1897 335 1956 ago
352 1899 407 1956 pro
423 1899 475 1957 eo,
492 1884 575 1957 quod
588 1885 712 1958 possedi
723 1884 888 1958 habuique.
910 1899 1020 1957 magna
1032 1885 1095 1958 qui·
1109 1891 1126 1944 3

120 1966 192 2024 dem
213 1981 264 2024 res
284 1973 352 2026 tuas
372 1968 515 2026 mercede
536 1968 634 2040 colui,
656 1968 712 2026 sed
728 1969 799 2042 quia
813 1968 864 2027 iffa
877 1969 1026 2042 imperaS,
1045 1969 1095 2040 do,

121 2049 201 2107 cedo
224 2057 328 2122 gratus
348 2050 519 2126 libensque.
551 2051 577 2110 si
600 2051 674 2125 quid
693 2051 806 2110 habere
827 2067 876 2111 me
890 2052 932 2110 tui
947 2051 1096 2124 volueris,

120 2131 296 2192 etiamnunc
317 2133 464 2193 servabo=
486 2133 513 2194 si
532 2135 613 2194 aliud
630 2135 743 2210 placet,
765 2150 822 2210 ego
837 2150 911 2196 vero
928 2138 1040 2196 factum
1056 2137 1096 2194 si·

121 2223 309 2294 gnatumque
324 2225 495 2292 argentum,
509 2219 633 2278 domum
648 2217 853 2294 familiamque
868 2236 968 2280 meam
982 2219 1096 2293 reddo,

121 2301 281 2364 restitu0.“
309 2300 520 2375 Adpelfaverit
534 2310 643 2361 natura
657 2317 737 2376 quae
752 2303 835 2376 prior
849 2303 937 2363 nobis
954 2303 1095 2376 credidit,

119 2389 152 2442 et
167 2383 237 2444 huic
252 2385 403 2444 dicemus:
419 2383 549 2458 „recipe
564 2386 695 2444 animum
704 2387 859 2446 meliorem
872 2403 962 2460 quam
975 2387 1095 2446 dedisti.

121 2483 183 2526 non
210 2467 397 2540 tergiversor
421 2483 478 2527 nec
502 2469 631 2543 refugio.
665 2476 802 2542 paratum
817 2469 912 2528 habes
929 2471 1096 2551 avolante,

121 2551 208 2624 quod
225 2567 284 2609 non
301 2552 441 2610 sentienti
458 2551 584 2612 dedisti:
600 2553 723 2613 aufer.“
744 2552 867 2611 Reverti
879 2551 961 2610 unde
974 2551 1096 2610 veneris
1111 2567 1128 2618 4

120 2635 196 2707 quid
228 2649 321 2708 grave
345 2641 412 2694 estr
448 2636 545 2693 maie
576 2635 694 2706 vivet,
728 2634 911 2710 quisquis
945 2633 1098 2694 nesciet

120 2718 220 2776 bene
240 2718 342 2776 mori.
375 2717 446 2778 huic
466 2720 570 2792 itaque
584 2720 712 2794 primum
731 2719 774 2776 rei
791 2719 920 2793 pretium
936 2717 1096 2778 detrahen-

49 2820 55 2832 ‘
119 2799 194 2860 dum
215 2809 263 2860 est
283 2801 496 2876 etspiritus
512 2802 1002 2862 intervilianumerandus.
1027 2802 1096 2861 Gla-

120 2886 266 2959 diatores,
287 2891 320 2943 ut
339 2885 380 2946 ait
395 2885 516 2957 Cicero,
531 2889 638 2946 inuisos
651 2887 803 2959 habemus,
820 2887 1097 2946 3101111111οᾱουὶ-

118 2978 180 3028 tum
200 2973 355 3044 inpetrare
367 2973 507 3045 captant·
526 2969 677 3044 fouemus,
698 2973 726 3030 si
738 2977 932 3046 contemptum
945 2973 1008 3029 etus
1019 2985 1098 3043 proc

118 3069 152 3111 se
163 3053 280 3125 ferant.
312 3053 395 3112 Idem
421 3052 544 3112 evenire
569 3053 659 3112 nobis
675 3053 767 3114 scias.
799 3069 893 3128 saepe
909 3054 989 3112 enim
1004 3066 1099 3112 causa

119 3135 271 3196 moriendi
292 3143 340 3196 est
361 3137 465 3197 timide
481 3138 567 3196 mori.
599 3137 733 3197 Fortuna
747 3138 811 3211 ilia,
838 3151 918 3210 quae
933 3137 1023 3196 ludos
1039 3137 1127 3197 sibit

120 3219 207 3278 facit:
222 3236 329 3294 ,‚quo‚
345 3221 457 3296 inquit,
473 3229 503 3282 te
518 3235 689 3295 reservem,
704 3221 816 3280 maium
828 3229 858 3280 et
870 3221 1021 3295 trepidum
1033 3219 1095 3278 ani·

120 3304 202 3362 malt
216 3319 254 3363 eo
268 3305 366 3378 magis
382 3303 648 3364 convolneraberis
662 3311 693 3364 et
704 3303 899 3378 confodieris,
912 3304 984 3380 quia
994 3301 1095 3362 neseis

119 3386 271 3460 praebere
295 3387 445 3462 iugulum:
471 3397 502 3449 at
521 3395 553 3448 tu
568 3395 598 3448 et
610 3389 697 3448 vives
713 3388 825 3448 diutius
845 3394 875 3447 et
888 3389 1027 3448 morieris
1043 3401 1095 3442 ex-

120 3469 270 3546 peditius,
298 3473 350 3546 qui
373 3474 484 3532 ferrum
506 3489 566 3532 non
583 3473 733 3532 subducta
749 3473 868 3531 cervice
882 3487 940 3530 nec
955 3467 1095 3528 manibus
