2554 3888
396 571 431 652 n
450 563 590 653 trum
611 568 784 653 tumtur
873 653 874 656 ,

262 709 630 818 attenderint
660 717 832 813 illidii
859 719 929 816 tir.

484 891 529 944 AD
548 889 699 944 SERENUM

310 1004 315 1015 ’
350 1009 398 1076 ur
414 960 701 1086 mtmtuunrrr
717 1009 830 1080 turm.

520 1155 673 1166 nnn—u.—

164 1261 188 1321 1.
220 1259 393 1337 [Surenam]
421 1258 587 1334 Inquirenti
611 1260 683 1321 mihi
708 1262 738 1322 in
763 1272 813 1322 nne
838 1263 989 1338 quaedam
1012 1260 1113 1326 vitiat

99 1343 294 1420 adparebant
313 1347 442 1416 retertur,
466 1343 498 1402 in
519 1351 625 1420 aperto
652 1346 766 1420 posita,
794 1361 873 1420 quae
887 1359 979 1405 manu
994 1362 1085 1421 pren-

100 1431 225 1499 derem,
241 1426 392 1503 quaedam
406 1426 588 1488 nboouriora
602 1436 632 1489 et
647 1428 676 1488 in
693 1445 835 1504 recessu,
857 1430 1009 1505 quaedam
1023 1445 1085 1490 non

101 1512 263 1584 continua,
279 1511 335 1571 sod
350 1525 390 1570 ex
406 1511 573 1572 intervallis
588 1513 761 1586 redeuntia,
778 1527 856 1589 quae
869 1513 918 1574 vei
933 1514 1085 1574 molestis-

101 1598 182 1656 sima
203 1593 348 1666 diaeum,
359 1673 360 1676 Ἴ
373 1601 406 1655 ut
425 1593 532 1655 hostes
550 1609 649 1670 vagos
671 1603 702 1657 et
715 1595 987 1658 exoooasionibus
1002 1597 1085 1658 adsi-

101 1681 228 1754 iiontes,
250 1693 308 1754 per
323 1683 408 1753 quos
429 1685 570 1740 neutrum
592 1680 677 1754 ticet,
702 1697 758 1740 nec
779 1688 932 1755 tamquam
952 1681 983 1740 in
1003 1681 1085 1742 beiio

102 1771 243 1839 paratum
257 1775 330 1822 esse
345 1777 402 1822 neo
413 1768 569 1838 tamquam
581 1763 610 1823 in
625 1779 702 1839 paee
714 1778 866 1824 securum.
892 1763 974 1824 iilum
985 1771 1115 1825 tamenn

102 1847 238 1908 habitum
250 1846 283 1904 in
301 1861 350 1906 me
364 1846 496 1906 maxime
511 1847 669 1921 deprendo
684 1855 793 1924 (quare
808 1848 888 1906 enim
903 1863 964 1908 non
979 1861 1086 1908 verum

103 1937 136 1991 ut
155 1930 276 1992 medico
297 1930 434 2000 fateare)
458 1943 515 1988 neo
541 1929 708 1992 bonafide
733 1931 890 1990 liberatum
916 1929 978 2002 eis,
1006 1945 1086 2006 quae

103 2014 248 2076 timebam
264 2020 299 2074 ot
321 2013 463 2086 oderam,
484 2029 541 2072 nee
562 2029 671 2075 rursus
692 2014 867 2076 obnoxium.
895 2014 929 2073 ln
953 2020 1088 2074 statuat

103 2116 166 2159 non
184 2097 332 2173 pessimo,
342 2096 386 2156 itu
402 2097 532 2157 maxime
547 2099 675 2173 querulo
690 2105 721 2160 et
733 2099 858 2159 moros‘o
871 2098 989 2172 positus
1002 2113 1085 2157 sum:

104 2198 164 2242 neo
178 2187 305 2256 aegroto
321 2192 378 2240 nee
393 2180 491 2240 valeo.
523 2181 588 2240 Non
605 2189 661 2254 est,
678 2183 762 2258 quod
778 2179 864 2241 dieas
879 2181 1012 2242 omniurn
1028 2183 1115 2244 vir-3

102 2275 204 2328 tutum
226 2272 330 2325 tenero
349 2279 422 2324 esse
443 2262 609 2339 principia,
635 2273 774 2340 tempore
795 2265 854 2325 iilis
875 2265 1087 2326 duramentum

105 2356 136 2410 et
155 2351 250 2410 robur
270 2347 430 2408 accedere.
459 2363 520 2408 non
545 2348 653 2423 ignoro
679 2348 769 2409 etiam
795 2363 876 2423 quae
899 2348 1086 2422 inspeciem

102 2433 260 2514 laborant,
282 2431 457 2506 dignitatern
479 2431 548 2492 dieo
570 2439 601 2492 et
620 2432 814 2506 eloquentiae
835 2434 945 2491 tamam
960 2440 990 2492 et
1003 2433 1087 2507 quie·

106 2516 181 2592 quid
196 2516 234 2575 ad
251 2516 380 2576 alienum
396 2514 575 2590 suffragium
591 2517 687 2590 venit,
708 2531 794 2576 mora
809 2517 1036 2576 convalescere.
1058 2523 1089 2574 et

106 2615 188 2676 quae
206 2615 294 2660 veros
309 2599 390 2658 vires
408 2605 517 2674 parant
530 2606 560 2659 et
575 2613 655 2674 quoe
669 2600 709 2659 ad
725 2600 908 2674 placendum
925 2599 995 2658 iuoo
1011 2613 1086 2672 quo-

7 2740 8 2749 ,
105 2685 177 2745 dam
205 2683 426 2755 subornantur,
457 2691 640 2758 exspectant
670 2698 784 2756 annos,
815 2683 916 2743 donee
942 2681 1088 2758 paulatim

106 2770 243 2829 colorem
263 2765 444 2828 diuturnitas
466 2767 567 2826 ducat.
598 2767 655 2827 sed
675 2781 734 2842 ego
754 2781 878 2842 vereor,
900 2783 939 2827 ne
958 2781 1088 2827 eonsue-

104 2853 197 2925 tudo,
225 2867 304 2927 quae
328 2849 422 2911 rebus
448 2850 547 2910 adieri
570 2852 786 2924 constantiam,
811 2850 871 2911 hoe
891 2849 995 2910 vitium
1017 2849 1089 2910 mihi

104 2936 197 2996 altius
213 2935 295 3009 figat.
325 2943 386 2994 tarn
407 2935 555 2994 malorum
576 2951 668 3010 quom
686 2935 837 2998 bonorum
855 2935 947 3010 longa
961 2949 1088 2996 eonver-

5 3058 8 3062 -
106 3020 194 3080 satio·
212 3023 346 3079 umorem
369 3018 474 3092 induit.
509 3017 593 3078 Haeo
613 3019 705 3080 animi
725 3020 803 3080 inter
823 3027 986 3094 utrumque
1006 3017 1118 3078 dubiit

106 3119 165 3162 neo
187 3103 228 3163 ad
248 3110 333 3162 reeta
356 3103 472 3163 fortiter
493 3118 549 3163 nee
571 3104 611 3164 ad
632 3120 728 3178 prava
752 3103 906 3183 vergentis
931 3101 1090 3162 infirmitas

107 3187 209 3262 quatis
231 3185 285 3261 sit,
312 3203 373 3247 non
394 3192 455 3245 tam
477 3189 571 3246 semei
591 3187 644 3248 tibi
667 3203 795 3262 possum
810 3203 901 3262 quam
916 3202 972 3261 per
987 3194 1090 3261 partes

107 3271 282 3332 ostendere.
313 3269 413 3329 dicam
434 3285 514 3344 quae
534 3271 675 3332 occidant
694 3269 782 3331 niihir
803 3277 836 3330 tu
849 3269 957 3330 morbo
979 3285 1090 3330 nomen

107 3353 258 3414 invenies.
286 3353 380 3413 Tenet
400 3369 449 3413 me
470 3369 607 3416 summus
628 3371 714 3420 amor
736 3353 956 3429 parsimoniae,
982 3353 1119 3412 ratenus

108 3438 210 3510 piaret
235 3453 296 3498 non
322 3437 351 3496 in
378 3436 573 3498 ambitionem
597 3439 697 3500 cubile
722 3438 934 3514 oonpositum‚
964 3451 1025 3496 non
1051 3449 1091 3491 ox

107 3521 213 3580 ainata
228 3521 347 3596 oroiaia
367 3520 478 3595 vestis,
496 3537 558 3580 non
579 3522 767 3598 ponderibus
789 3535 826 3582 ao
840 3520 920 3578 mille
934 3515 1090 3579 tormentis
