2528 3906
280 251 383 311 DIAL.
397 252 436 310 V.
465 251 516 312 DE
535 252 604 312 IRA
624 253 761 312 LlB.lll.
788 259 871 314 l-r'l.
904 327 909 338 ,
1023 255 1064 317 81

84 401 196 462 modus
221 399 338 460 virium.
370 401 509 475 Denique
530 409 631 460 cetera
649 401 786 474 singulos
807 399 991 477 corripiunt,
1015 402 1092 469 hias

82 501 164 544 unus
180 483 319 544 adiectus
334 491 391 558 est,
406 485 459 560 qui
471 483 621 544 interdum
634 483 756 558 publice
771 483 950 560 concipitur.
977 502 1063 546 num-

83 584 175 642 quam
191 567 327 642 populus
341 567 505 628 universus
522 567 652 628 feminae
666 583 771 628 amore
787 565 943 647 flagravit,
961 571 1062 628 necin

84 649 246 726 pecuniam
261 659 313 712 ant
333 651 450 712 lucrum
464 658 528 712 tota
544 649 652 712 civitas
673 667 761 726 spem
777 667 866 712 suam
879 649 970 711 misit.
1000 669 1061 712 am-

82 734 155 794 bitio
172 733 282 794 viritim
297 733 436 809 singulos
452 743 592 810 occupat.
622 733 791 810 inpotentia
808 749 870 796 non
889 739 937 794 est
951 737 1061 796 malum

83 818 255 892 publicum:
274 833 368 893 saepe
382 818 412 878 in
431 817 505 877 iram
520 835 580 880 uno
595 815 715 893 agmine
730 818 802 880 itum
815 824 872 879 est.
894 817 961 889 viri,
978 819 1091 882 terni-³

82 917 155 974 nae,
184 916 291 974 senes,
320 903 422 975 pueri,
451 899 607 976 principes
629 903 801 978 vulgusque
823 915 1011 964 consensere
1032 910 1063 964 et

82 993 144 1045 tota
159 984 319 1046 multitudo
334 983 531 1060 paucissimis
550 985 653 1046 verbis
674 985 826 1048 concitata
841 982 944 1062 ipsum
958 986 1060 1046 conci-

80 1076 210 1128 tatorem
231 1067 406 1128 antecessit.
439 1068 479 1128 ad
498 1083 583 1128 arma
605 1069 744 1144 protinus
770 1067 923 1146 ignesque
943 1069 1060 1130 discur-

80 1168 148 1210 sum
165 1159 213 1210 εει
235 1159 266 1212 ει
285 1150 399 1211 indicta
415 1149 550 1212 finitimis
571 1151 651 1212 bella
668 1160 719 1212 aut
737 1159 825 1226 gesta
846 1167 915 1213 cum
930 1153 1059 1213 civibus.

79 1241 161 1294 totae
183 1250 253 1294 cum
270 1234 365 1310 stirpe
387 1233 469 1295 omni
486 1244 639 1296 crematae
654 1236 764 1296 domus
781 1243 812 1295 et
825 1235 918 1298 modo
935 1236 1088 1310 eloquioq

80 1315 259 1378 favorabilis
274 1316 396 1380 habitus
412 1318 454 1392 [in
468 1320 562 1379 multo
578 1318 706 1390 honore]
724 1319 797 1380 iram
813 1334 888 1380 suae
901 1319 1060 1380 concionis

80 1402 212 1476 excepit.
245 1402 275 1461 in
297 1400 512 1478 imperatorem
536 1419 625 1462 suum
650 1401 789 1476 legiones
811 1401 873 1477 pila
895 1408 1059 1462 torserunt.

81 1484 212 1546 dissedit
240 1485 327 1562 plebs
355 1493 417 1547 tota
435 1501 504 1546 eum
530 1485 678 1560 patribus.
710 1485 867 1561 publicum
888 1485 1058 1558 consilium,

80 1577 206 1630 senatus
223 1585 284 1628 non
300 1568 488 1644 exspectatis
505 1569 675 1630 delectibus
688 1584 745 1630 nec
760 1569 914 1630 nominato
930 1568 1060 1644 impera-

80 1661 144 1713 tore
159 1653 279 1713 subitos
293 1654 448 1714 iraesuae
461 1653 558 1714 duces
573 1652 646 1728 legit
659 1669 695 1713 ac
709 1668 765 1728 per
778 1660 859 1714 tecta
875 1652 960 1716 urbis
972 1654 1058 1714 nobi-

79 1736 115 1796 lis
131 1743 330 1797 consectatus
348 1734 434 1796 viros
450 1737 635 1812 supplicium
649 1753 739 1796 manu
756 1735 897 1812 sumpsit
930 1737 1087 1800 violataet

79 1817 248 1894 legationes
262 1827 352 1894 rupto
366 1819 431 1880 iure
447 1821 581 1896 gentium
595 1820 760 1896 rabiesque
775 1823 828 1893 [in]
844 1820 969 1880 infanda
985 1820 1057 1881 civi·

79 1910 170 1964 tatem
182 1903 257 1964 tulit.
278 1919 336 1964 nec
348 1897 457 1965 datum'
465 1911 597 1978 tempus,
614 1920 676 1980 quo
688 1904 837 1965 resideret
846 1910 947 1966 tumor
960 1903 1057 1978 publi-

79 2002 150 2059 cus,
167 1986 226 2047 sed
240 1987 391 2048 deductae
406 1987 546 2063 protinus
562 1988 681 2048 classes
696 1995 726 2048 ει
739 1992 884 2048 oneratae
898 1987 1057 2047 tumultua-

78 2071 121 2130 rio
141 2069 246 2130 milite.
278 2070 344 2130 sine
365 2087 465 2146 more,
488 2070 556 2132 sine
572 2071 719 2146 auspiciis
735 2070 871 2147 populus
887 2069 980 2130 ductu
994 2069 1058 2130 irae

79 2169 152 2214 suae
167 2169 315 2228 egressus
329 2155 452 2215 iortnita
462 2161 614 2230 raptaque
631 2171 688 2230 pro
702 2155 794 2216 armis
810 2153 922 2231 gessit,
946 2153 1058 2214 deinde

77 2253 189 2312 magna
210 2237 297 2297 clade
316 2236 516 2300 temeritatem
531 2239 660 2298 audacis
676 2237 740 2298 irae
754 2239 816 2300 luit.
844 2237 902 2300 Hic
918 2237 1086 2307 barbariss

77 2322 156 2381 torte
170 2319 345 2382 viventibus
360 2320 390 2381 in
413 2321 494 2382 bella
508 2323 610 2382 exitus
625 2330 681 2384 est.
714 2338 781 2382 cum
795 2321 918 2384 mobilis
938 2322 1057 2384 animos

78 2405 203 2480 species
228 2403 356 2464 iniuriae
378 2406 520 2480 perculit,
551 2413 682 2480 aguntur
704 2407 804 2468 statim
827 2413 859 2467 et
884 2421 945 2484 qua
969 2407 1058 2466 dolor

76 2488 176 2560 traxit,
190 2487 298 2548 rrainae
311 2488 404 2550 modo
418 2487 595 2564 regionibus
610 2488 746 2551 incidunt
757 2488 950 2565 inconpositi,
966 2489 1056 2549 inter-

77 2571 139 2643 riti,
162 2571 292 2646 ineauti,
313 2571 450 2647 pericula
470 2573 650 2648 adpetentes
672 2587 738 2632 sua.
770 2572 905 2647 gaudent
923 2571 1005 2630 leriri
1027 2579 1057 2632 et

76 2655 192 2716 instare
213 2655 294 2715 terro
315 2662 346 2716 et
361 2655 422 2715 tela
441 2671 572 2731 corpore
591 2671 700 2730 urgere
723 2663 753 2714 et
768 2671 823 2730 per
838 2671 929 2716 suum
945 2657 1055 2716 volnus

77 2754 171 2798 exire.

136 2822 187 2881 Ill.
217 2821 304 2893 „Non
329 2829 392 2896 ast,
418 2822 534 2899 inquis,
561 2821 700 2894 dubium,
728 2821 801 2896 quin
823 2837 932 2898 magna
951 2823 1009 2883 ista
1028 2831 1084 2886 etl

77 2905 226 2982 pestilera
240 2905 279 2966 sit
292 2902 357 2965 vis:
374 2905 444 2966 ideo
460 2905 716 2982 quemadmodum
731 2905 834 2966 sanari
848 2905 959 2968 debeat
970 2923 1055 2978 mon—

78 2995 172 3049 stra.“
204 2989 324 3064 Atqui,
337 2996 370 3050 ut
384 2990 414 3048 in
429 2989 583 3065 prioribus
598 2989 683 3049 libris
699 2987 777 3062 dixi,
800 2995 861 3050 stat
873 2990 1056 3052 Aristoteles

78 3073 225 3134 defensor
250 3073 314 3142 irae
339 3079 369 3132 et
393 3080 472 3133 vetat
493 3072 575 3132 illam
599 3071 689 3133 nobis
711 3070 866 3134 exsecari=
895 3073 996 3134 calcar
1016 3075 1058 3136 ait

78 3169 148 3216 esse
163 3157 293 3216 virtutis.
324 3155 382 3222 hac
400 3163 506 3232 erepta
519 3157 666 3217 inermem
680 3156 815 3217 animum
828 3164 858 3217 et
872 3157 912 3217 ad
927 3167 1056 3234 conatus

77 3253 207 3313 magnos
222 3239 342 3314 pigrum
356 3239 546 3315 inertemque
560 3239 637 3300 fieri.
663 3239 878 3302 Necessarium
893 3249 941 3302 est
954 3241 1057 3317 itaque
1067 3239 1095 3304 ι’

79 3322 254 3384 foeditatem
279 3323 345 3384 eius
369 3339 406 3384 ac
429 3323 576 3384 feritatem
606 3339 773 3398 coarguere
799 3331 923 3385 etanta
947 3327 1059 3386 oculos·

79 3421 208 3480 ponere,
234 3407 379 3482 quantum
403 3408 530 3469 monstri
551 3407 591 3468 sit
610 3407 702 3468 homo
721 3409 752 3468 in
773 3407 926 3468 hominem
950 3409 1053 3466 iurans

80 3499 254 3566 quantoque
273 3489 379 3566 inpetu
392 3499 461 3551 ruat
475 3508 536 3552 non
553 3491 619 3552 sine
636 3489 771 3567 pernicie
786 3506 841 3550 sua
859 3488 1052 3564 perniciosus

124 3593 227 3632 seneca
245 3593 316 3630 ruit.
338 3578 357 3633 l.
475 3607 476 3610 ¹
882 3579 899 3631 6
