2528 3906
200 256 274 322 ⁴144
382 257 416 316 L.
437 252 586 314 annual
607 251 783 312 SENECAE
804 251 908 311 DIAL.
929 251 994 311 vll.

210 409 353 472 omnibus
366 407 470 479 malis,
492 421 562 465 oum
576 419 637 464 non
653 411 769 465 lantum
783 404 1001 478 lacerationes,
1023 405 1082 466 sed
1096 404 1192 467 etiam

209 491 418 554 vellicationes
444 487 599 563 effugerit,
625 493 741 548 sutura
765 503 889 562 semper
912 487 965 548 ubl
990 489 1127 550 constitit
1151 505 1193 550 ao

177 577 179 580 ’
209 577 315 638 eedem
330 587 417 635 suam
432 572 523 632 etiarn
538 571 612 631 irata
627 577 658 630 et
671 572 833 631 intentante
850 571 972 632 fortuna
985 571 1191 633 vindicatura.

176 661 282 720 illam
302 658 387 734 quod
407 656 449 716 ad
470 657 656 729 voluptatem
675 654 820 730 partinet,
842 655 913 714 lieet
927 654 1192 716 olreumlundalur
1254 660 1255 740 l

206 743 343 818 undique
357 747 389 800 et
402 749 457 814 per
470 753 578 799 omnes
593 739 658 798 alas
673 737 988 813 inlluatanimarnoue
998 739 1192 800 blandimen-
1254 743 1255 810 l

205 827 246 888 tis
271 827 335 886 suis
357 824 450 883 leniat
471 823 593 897 aliaque
612 836 653 880 en
677 820 745 882 aliis
767 822 944 896 admoveat,
970 821 1085 896 quibus
1106 829 1191 884 totos
1254 873 1255 876 ,

208 918 376 986 partesque
400 906 497 966 nostri
523 905 680 965 sollicitett
711 906 780 980 quis
805 905 989 979 monalium,
1017 905 1067 966 oui
1093 903 1192 967 ullum

209 999 353 1068 superest
366 989 497 1049 hominis
511 988 687 1063 vestigium,
710 1003 766 1064 per
785 987 865 1048 diem
881 996 1063 1064 nectuntque
1076 989 1192 1050 titillari

208 1077 289 1149 velit,
306 1075 429 1134 deserto
445 1071 546 1134 animo
564 1073 687 1147 corpori
707 1087 833 1148 operam
849 1071 945 1132 darei

181 1172 196 1222 1
269 1159 322 1218 Vl.
345 1156 429 1230 „Sed
443 1156 562 1216 animus
579 1163 719 1232 quoque,
741 1154 854 1230 inquit,
874 1157 1048 1230 uoluptates
1063 1155 1194 1216 habebit
1255 1201 1256 1230 ,

209 1247 314 1304 suas.“
345 1241 465 1301 Habeat
487 1247 563 1300 sane
589 1241 759 1314 sedeatque
784 1239 922 1298 luxuriae
946 1245 977 1298 et
997 1241 1192 1314 voluptatum
1255 1265 1256 1272 ¹

209 1327 336 1398 arbiter,
360 1325 474 1398 inpleat
492 1337 527 1384 se
544 1323 589 1383 eis
612 1323 769 1396 omnibus,
798 1323 878 1396 puae
898 1321 1053 1382 obleetare
1074 1336 1192 1384 sensus

209 1413 318 1470 solent.
352 1409 464 1468 deindo
489 1407 650 1482 praeterita
669 1407 817 1481 respiciat
836 1413 868 1466 et
889 1407 1080 1466 exoletarum
1101 1408 1192 1467 volu·

209 1501 324 1568 ptatnrn
340 1502 455 1551 mernor
470 1491 602 1550 eusullet
618 1490 771 1564 prioribus
786 1488 961 1564 futurisque
973 1489 1034 1549 nat
1043 1489 1195 1552 inmineat

209 1591 247 1636 ae
261 1593 335 1651 spes
354 1589 427 1634 suas
444 1575 577 1644 ordinet,
599 1581 629 1632 et
643 1574 715 1634 darn
731 1587 845 1647 eorpus
860 1573 892 1632 in
908 1573 1066 1648 praesenti
1079 1573 1194 1648 sagina

209 1661 304 1732 lacet,
327 1657 526 1732 saginantes
549 1658 588 1716 au
609 1658 711 1717 tutona
730 1657 918 1730 praemiosa
940 1655 1000 1716 noo
1015 1657 1088 1716 mint
1102 1657 1192 1716 noe
1256 1633 1257 1714 l

209 1743 290 1802 bitur
310 1741 463 1813 miserior,
485 1741 629 1815 quonian
648 1740 728 1799 maia
743 1755 798 1814 pro
814 1741 905 1800 bonis
918 1741 1020 1814 legere
1035 1741 1195 1800 dementia

210 1833 267 1886 est.
299 1839 358 1886 nee
377 1825 448 1884 sine·
465 1825 593 1884 sanitate
614 1823 781 1898 qusquam,
799 1823 908 1884 boatus
930 1827 979 1882 eat
1003 1821 1191 1900 noceantne,

179 1909 259 1970 ueai
275 1911 375 1970 lutura
390 1919 446 1982 pro
462 1908 583 1982 optimis
600 1907 795 1981 adpetuntur.
821 1907 936 1968 Beatus
951 1921 1027 1980 erpo
1041 1915 1090 1968 est
1109 1907 1193 1968 iudi·

209 1993 255 2054 oii-
268 1999 382 2052 neotus.
409 1991 518 2051 Maus
541 1997 591 2050 est
603 1989 832 2065 praesentibus,
855 1989 1093 2067 qualioounnque
1107 1999 1193 2064 suat,

209 2073 665 2149 eontentusanriousqaerelaua
677 2075 753 2144 suist
774 2073 882 2140 boatus
895 2082 944 2134 est
953 2074 989 2146 is',
1005 2075 1053 2133 eui
1065 2083 1191 2134 omnent
1257 2111 1258 2116 κ

208 2159 463 2218 habitumreruur
478 2155 692 2218 suarunnraiio
709 2158 911 2218 commendat.
1150 2153 1154 2161 '

178 2251 198 2306 3
273 2242 312 2278 **
325 2244 508 2314 [adamata]
521 2239 560 2278 *⁴¹
576 2239 659 2301 videt
673 2249 702 2301 et
717 2242 746 2300 in
763 2239 891 2316 illisqui
905 2249 1056 2302 salmonum
1070 2241 1190 2301 bunum

209 2323 355 2396 dixerint,
375 2333 467 2398 quana
481 2325 561 2398 turpi
575 2325 651 2384 illud
669 2326 738 2386 loeo
755 2326 922 2399 posuerint·
951 2326 1054 2400 itaque
1074 2334 1192 2399 negant

208 2421 330 2483 posse
350 2408 588 2482 voluptatem
608 2423 630 2467 a
647 2407 793 2468 virtute
813 2407 958 2468 deduci
978 2416 1009 2468 et
1029 2409 1115 2468 aiaru
1129 2424 1191 2468 neo

207 2491 336 2553 honeste
360 2491 547 2568 quemquern
564 2489 682 2574 unere,
709 2499 744 2552 ut
767 2507 827 2552 non
849 2492 987 2552 iucunde
1005 2492 1103 2564 vivat,
1129 2507 1191 2552 nee

207 2577 350 2647 iucunde,
365 2583 400 2636 ut
414 2592 476 2636 non
490 2575 621 2635 honeste
636 2573 771 2651 queque.

180 2669 196 2720 1
270 2657 336 2720 Vll.
358 2659 429 2721 Non»
440 2657 533 2720 video
548 2661 703 2734 quomodo
718 2659 781 2719 ista
791 2665 852 2718 tant
868 2659 991 2720 diversa
1004 2660 1036 2718 in
1047 2659 1193 2718 eamdem

208 2744 351 2817 copulam
376 2743 577 2802 eonieiantun
610 2744 682 2818 qaid
707 2741 770 2814 est,
794 2759 849 2802 oro
876 2758 949 2816 vos,
975 2757 1028 2802 eur
1050 2742 1192 2816 separari

206 2827 350 2901 voluptas
365 2825 510 2886 a'virtute
525 2843 586 2888 non
603 2827 725 2902 possiti
748 2825 891 2886 videlieet
905 2825 977 2901 quia
992 2838 1084 2886 ornne
1096 2824 1191 2886 bonis

206 2924 246 2968 ex
262 2909 371 2968 virtute
391 2909 577 2984 principiano
596 2919 658 2984 est,
684 2923 723 2968 ex
742 2909 833 2969 huius
853 2908 1010 2970 radieibus
1030 2910 1120 2970 want
1142 2925 1190 2980 ea,

208 3005 288 3066 quae
309 3007 367 3051 vos
390 2997 419 3049 el
440 2993 550 3052 amatis
569 2999 600 3051 et
621 2991 779 3068 expetitis,
806 2993 965 3053 oriuntur?
997 2992 1060 3052 Sed
1082 2993 1110 3052 si
1132 2994 1192 3052 ista

207 3073 375 3134 indisereta
391 3083 511 3148 essent,
528 3091 590 3136 non
605 3077 780 3136 videremus
796 3077 954 3152 quaedam.
963 3075 1113 3149 iucunda,
1132 3077 1192 3136 sed

208 3156 449 3230 [pompulenta
473 3160 625 3234 quaedam
640 3175 714 3226 vero
737 3157 968 3233 honestissima,
988 3161 1045 3220 sed
1065 3174 1190 3234 aspera,

177 3247 263 3314 uper
277 3241 403 3302 dolores
418 3242 580 3318 exigenda.
606 3244 705 3304 Adice
720 3259 817 3317 nune,
839 3244 923 3318 quod
938 3245 1080 3317 voluptas
1096 3243 1190 3303 etiam

208 3325 245 3382 ad
262 3324 353 3385 vitam
368 3323 575 3406 turpissimam
597 3326 692 3398 venit,
712 3333 743 3386 at
762 3326 858 3386 nnus
881 3327 994 3386 malam
1011 3326 1103 3385 vitain
1125 3341 1190 3386 non

207 3407 344 3469 admittit.
367 3415 398 3468 et
411 3408 548 3468 inteliees
564 3407 687 3482 quidam
702 3425 765 3470 non
780 3410 847 3469 sine
856 3410 1023 3484 voluptate,
1039 3409 1134 3469 immo
1147 3410 1191 3469 ob

207 3489 307 3563 ipsam
321 3491 509 3565 voluptatem
530 3497 609 3566 suut,
633 3492 716 3566 quod
731 3507 791 3553 non
806 3491 955 3566 eveniret,
978 3493 1006 3551 si
1026 3491 1130 3551 virtuti
1153 3508 1193 3552 se
