2528 3906
170 233 225 292 ΑΙ)
247 225 432 292 Mducmltf
453 233 504 292 DE
527 231 827 294 consolationis.
849 243 968 298 ra-ro.
1010 234 1071 298 125

90 385 133 444 de
148 383 198 443 dis
213 383 364 442 neminem
379 385 476 458 queri.
497 385 636 444 Tiberius
649 384 763 446 Caesar
776 393 807 446 et
819 403 908 461 quem
924 397 1102 462 genueram

90 475 122 527 et
138 482 230 541 quem
247 467 454 542 adoptaverat,
471 467 579 542 amisit,
599 467 668 542 ipse
682 475 781 528 tamen
798 485 854 542 pro
876 470 986 533 rostris
1007 473 1071 533 lau·
1108 495 1113 500 ·

91 551 178 610 davit
192 550 287 610 filium
309 552 450 626 stetitque
465 551 495 609 in
512 557 680 626 conspectu
700 553 802 628 posito
818 569 958 628 corpore,
980 556 1070 615 inter·

90 635 176 694 lecto
193 635 401 695 tantummodo
425 635 611 708 velamento,
641 636 726 710 quod
748 637 901 710 pontificis
924 640 1072 700 oculosa

90 719 201 778 funere
215 725 342 790 arceret,
364 715 500 778 efflante
521 721 635 794 populo
657 720 796 780 Romano
818 735 878 780 non
900 719 986 780 flexit
1005 723 1071 781 vol-

90 807 165 860 tum.
189 801 410 876 experiendum
425 816 460 860 se
477 801 561 862 dedit
576 801 688 863 Seiano
703 803 742 863 ad
759 805 838 863 lalus
859 805 957 876 stanti,
980 821 1071 879 quam

91 884 243 959 patienter
258 891 366 959 posset
379 901 454 945 suos
467 885 610 964 perdere.
629 887 767 946 Videsne
789 895 902 961 quanta
917 889 1007 963 copia
1029 889 1071 948 vi·
1085 893 1103 950 4

89 983 196 1027 rorum
210 967 410 1029 maximorum
425 968 473 1041 sit,
494 983 574 1042 quos
594 985 656 1030 non
671 969 793 1045 excepit
812 971 862 1031 hic
884 971 984 1031 omnia
999 988 1071 1047 pro·

92 1059 235 1112 sternens
250 1067 343 1112 casus
357 1059 388 1111 et
409 1051 438 1110 in
455 1067 534 1124 quos
548 1059 593 1112 tot
606 1052 697 1112 animi
717 1053 808 1125 bona,
830 1062 875 1116 tot
893 1064 1071 1116 ornamenta

91 1135 216 1209 publice
229 1135 431 1210 privatimque
442 1143 589 1208 congesta
602 1143 708 1196 erantt
719 1137 777 1196 sed
788 1138 930 1198 videlicet
942 1140 965 1198 it
976 1139 1006 1198 in
1021 1156 1070 1200 or-

90 1217 162 1277 bem
177 1218 236 1278 ista
250 1225 417 1293 tempestas
433 1225 463 1278 et
484 1217 551 1278 sine
567 1220 687 1280 delectu
706 1227 807 1279 vastat
825 1220 927 1281 omnia
947 1221 1071 1297 agitque

91 1309 125 1362 ut
147 1318 213 1361 sua.
248 1302 319 1362 iube
340 1303 477 1377 singulos
499 1303 638 1364 conferre
658 1302 822 1363 rationem:
850 1305 924 1364 nulli
947 1306 1073 1379 contigit

92 1385 209 1461 inpune
223 1385 319 1445 nasei.

156 1470 236 1528 xvi.
256 1469 328 1530 Scio
344 1467 419 1544 quid
432 1469 533 1529 dicas=
561 1470 693 1543 „oblitus
709 1486 744 1532 es
760 1473 902 1531 feminam
914 1479 946 1533 te
961 1488 1071 1534 conso·
1087 1486 1101 1538 1

92 1553 157 1626 lari,
172 1553 309 1613 virorum
326 1554 422 1613 refers
437 1555 608 1629 exempla.“
641 1553 714 1627 Quis
729 1561 828 1616 autem
844 1555 921 1616 dixit
934 1563 1072 1617 naturam

92 1638 226 1711 maligne
250 1653 318 1697 cum
332 1636 530 1697 muliebribus
545 1637 676 1711 ingeniis
692 1638 795 1713 egisse
810 1647 841 1700 et
859 1640 984 1700 virtutes
1006 1639 1071 1700 illa·

93 1737 160 1780 rum
174 1721 204 1780 in
221 1726 319 1781 artum
333 1720 520 1780 retraxisset
543 1737 600 1795 par
616 1721 684 1795 illis,
700 1722 772 1782 mihi
787 1724 888 1796 erede,
903 1722 1000 1798 vigor,
1016 1740 1072 1798 par

94 1804 133 1864 ad
149 1804 288 1876 honesta,
303 1804 403 1878 libeat,
418 1805 548 1864 facultas
568 1811 624 1864 est.
653 1806 791 1866 dolorem
812 1807 1010 1882 laboremque
1032 1822 1071 1866 ex

95 1903 204 1964 aequo,
227 1889 254 1950 si
276 1903 481 1961 consuevere,
504 1889 668 1963 patiuntur.
697 1890 730 1948 ln
752 1905 814 1965 qua
834 1889 917 1952 istud
937 1889 1021 1964 urbe,
1041 1891 1105 1956 din

94 1972 177 2041 boni,
194 1971 368 2048 loquimurr
389 1973 419 2031 in
436 1988 497 2047 qua
511 1987 614 2046 regem
629 1973 774 2033 Romanis
789 1973 944 2060 capitibus
957 1973 1070 2034 Lucre-

93 2057 134 2115 tia
155 2063 187 2116 et
199 2056 312 2116 Brutus
328 2056 518 2116 deiecerunt:
540 2055 634 2116 Bruto
650 2057 814 2117 libertatem
835 2057 992 2131 debemus,
1014 2058 1072 2116 Lu-

94 2141 207 2200 cretiae
221 2140 357 2199 Brutum.
379 2141 409 2199 in
427 2155 487 2215 qua
503 2139 646 2199 Cloeliam
667 2148 840 2216 contempto
854 2141 944 2202 hoste
965 2149 995 2201 et
1015 2139 1073 2200 flu-

93 2224 175 2282 mine
190 2223 231 2283 ob
246 2223 396 2298 insignem
411 2223 571 2284 audaciam
585 2230 700 2284 tantum
711 2241 773 2286 non
788 2226 818 2284 in
829 2226 915 2286 viros
929 2225 1072 2285 transcri-

95 2308 225 2382 psimus.
248 2308 383 2382 equestri
398 2306 536 2368 insidens
557 2315 675 2368 statuae
695 2309 726 2368 in
747 2325 837 2370 saera
856 2309 916 2381 via,
939 2309 1073 2368 celeber·

93 2391 172 2452 rimo
188 2391 269 2463 loco,
285 2391 398 2451 cloelia
420 2389 586 2464 exprobrat
600 2392 762 2452 iuvenibus
778 2393 893 2453 nostris
915 2391 1073 2468 pulvinum

94 2474 343 2550 escendentibus
364 2475 394 2533 in
409 2491 446 2534 ea
460 2475 529 2534 illos
549 2475 626 2534 urbe
646 2474 692 2534 sic
713 2474 840 2550 ingredi,
863 2477 894 2535 in
912 2475 1074 2550 quaeliam

96 2559 226 2618 feminas
242 2573 323 2633 equo
336 2557 529 2619 donavimus.
551 2557 639 2632 Quod
656 2559 709 2618 tibi
725 2559 804 2619 sivis
812 2561 954 2634 exempla
966 2559 1105 2628 referri3

95 2642 284 2717 feminarum,
298 2657 376 2718 quae
392 2658 465 2703 suos
477 2641 594 2703 fortiter
604 2642 854 2715 desideraverint,
870 2659 931 2703 non
942 2640 1075 2702 ostiatim

96 2741 251 2800 quaeram.
274 2742 313 2785 ex
333 2743 396 2786 una
410 2726 463 2786 tibi
484 2726 598 2786 familia
617 2727 696 2785 duas
718 2727 873 2787 Cornelias
895 2725 992 2786 dabo:
1013 2725 1074 2800 pri-

95 2825 175 2868 mam
203 2809 357 2886 Scipionis
380 2810 487 2883 filiam,
511 2809 717 2890 Gracchorum
738 2817 874 2870 matrem.
911 2809 1075 2870 duodecim

95 2893 147 2951 illa
161 2899 268 2968 partus
284 2893 407 2953 totidem
423 2893 581 2954 funeribus
596 2894 784 2968 recognovit.
807 2901 837 2954 et
851 2894 890 2953 de
905 2894 1013 2954 celeris
1030 2895 1073 2952 fa-

97 2977 152 3036 cile
168 2983 225 3050 est,
242 2993 324 3052 quos
339 2977 502 3036 ueceditos
517 2993 574 3037 nec
588 2977 719 3038 amissos
733 2978 839 3038 civitas
853 2977 964 3038 sensit:
986 2976 1073 3036 Tibe·

95 3060 172 3119 rium
189 3059 361 3121 Gracchum
376 3069 406 3120 el
420 3060 523 3121 Caium
539 3061 717 3134 Gracchum,
741 3078 820 3137 quos
842 3062 931 3121 etiam
953 3061 1005 3136 qui
1019 3061 1072 3120 bo-

96 3159 153 3204 nos
169 3143 253 3205 viros
269 3144 434 3219 negaverit,
449 3160 577 3221 magnos
600 3145 749 3218 fatebitur,
765 3152 796 3204 et
810 3144 933 3206 occisos
956 3143 1032 3204 vidit
1045 3150 1076 3203 et

95 3227 278 3302 insepultos.
307 3229 537 3288 consolantibus
552 3235 651 3287 tamen
665 3229 872 3303 miseramque
888 3225 1073 3288 dicentibus:

95 3326 291 3386 „numquam
308 3312 413 3386 iuquit,
428 3327 490 3372 non
506 3312 624 3371 felicem
635 3327 684 3370 me
696 3312 804 3385 dicum,
825 3325 905 3386 quae
917 3309 1074 3371 Gracchos

95 3395 235 3468 peperi.“
263 3395 402 3455 Cornelia
421 3395 498 3454 Livii
513 3395 603 3455 Drusi
624 3395 824 3454 clarissimum
845 3393 985 3454 iuvenem
1007 3391 1104 3450 illu-t

95 3478 167 3538 stris
179 3478 301 3553 ingenii,
319 3479 480 3538 vadentem
492 3476 880 3554 perGracchanavesligia,
899 3473 1072 3548 inperfectis
