2522 3906
144 247 338 308 Acclnnltu
356 247 441 310 edlu
459 247 719 310 PROVIDENTiA
743 251 812 312 SIT.
845 253 964 314 111.1v.
1025 255 1049 316 9

64 400 135 459 vitia
150 408 307 472 venerunt,
322 406 356 458 ut
370 399 495 458 dubium
509 400 556 472 sit,
573 417 610 458 an
626 399 774 461 electione
789 403 840 464 fati
855 403 926 464 date
942 407 1045 480 plures

65 481 150 542 nasci
162 483 273 556 Reguli
294 497 386 556 qnam
399 481 592 542 Maecenates
612 484 713 544 velint.
742 493 794 544 aut
813 487 839 545 si
855 488 925 561 quis
946 489 1044 562 fuerit,

67 567 115 641 qui
137 566 249 625 audeat
272 565 375 624 dicere
394 565 600 626 Maecenatem
620 581 655 625 se
677 583 769 642 quam
788 569 937 643 Regulum
959 572 1045 632 nasci

64 650 224 722 maluisse,
246 649 328 708 idem
343 649 416 722 iste,
432 655 532 709 taceat
546 649 630 722 licet,
646 651 732 710 nasci
747 667 781 710 se
796 653 966 712 Terentiam
981 671 1044 714 ma·

65 735 124 794 luit.
157 733 238 791 Male
262 738 423 791 tractatum
445 731 602 792 Socratem
622 733 755 806 iudicas,
783 736 867 810 quod
887 735 968 795 illam
988 741 1093 812 pola

68 819 175 877 tionem
197 815 320 889 publice
339 815 463 875 mixtam
485 833 545 875 non
567 816 654 876 aliter
674 833 765 891 quam
791 819 1045 880 medicamentum

65 899 286 958 inmortalitatis
312 899 441 958 obduxit
465 905 495 957 et
516 900 554 957 de
574 905 671 958 morte
692 901 861 974 disputavit
881 919 982 976 usque
1005 905 1045 962 ad

64 983 183 1058 ipsane
204 983 283 1040 male
303 998 372 1040 cum
392 982 443 1041 illo
465 988 564 1041 actum
586 989 648 1056 est,
668 984 752 1057 quod
772 986 890 1058 gelatus
912 993 960 1045 cst
975 1002 1045 1046 san-

64 1068 131 1140 guis
148 1081 185 1124 ac
200 1065 345 1140 paulatim
360 1065 473 1140 frigore
488 1065 612 1124 inducto
627 1080 773 1126 venarum
787 1069 875 1141 vigor
890 1070 1045 1128 constitit?

64 1151 181 1224 Quanto
206 1149 304 1223 magis
330 1148 401 1207 huic
425 1147 621 1207 invidendum
648 1155 696 1207 est
717 1165 808 1223 qnam
832 1151 906 1224 illis,
933 1153 1094 1224 quibnsss

63 1249 182 1306 gemma
209 1230 410 1305 ministratur,
436 1231 547 1306 quibus
567 1233 707 1290 exoletus
728 1234 829 1292 omnia
849 1234 911 1308 pati
934 1235 1044 1294 doetus

64 1323 209 1376 exsectae
228 1313 379 1374 virilitatis
401 1322 453 1374 aut
468 1313 578 1374 dubiae
593 1329 777 1388 suspensam
793 1331 868 1374 auro
883 1316 985 1376 nivem
1000 1319 1044 1376 di·

64 1483 153 1541 bilem
175 1497 264 1540 snam
284 1488 493 1556 regustanteS,
516 1482 610 1540 atille
625 1493 775 1540 venenum
791 1483 889 1540 laetus
902 1490 933 1541 et
947 1481 1044 1540 libens

64 1565 189 1625 hauriet.
215 1565 304 1636 Quod
319 1565 358 1624 ad
370 1563 513 1624 Catonem
527 1565 668 1638 pertinet,
685 1563 759 1623 satis
775 1563 889 1624 dictum
904 1571 952 1624 est
963 1567 1091 1624 sum-14

64 1664 205 1724 mamque
219 1647 261 1706 illi
277 1647 447 1708 felicitatem
464 1647 629 1720 contigisse
641 1663 813 1708 consensus
829 1647 986 1708 hominum
1001 1649 1014 1706 f
1032 1681 1044 1688 -

64 1733 182 1792 tebitur.
201 1745 293 1806 quem
304 1731 362 1789 sibi
372 1747 474 1789 rerum
485 1738 593 1791 natura
604 1727 716 1805 delegit
726 1747 794 1790 cnm
807 1748 869 1806 quo
882 1732 1045 1791 metuenda

65 1815 229 1875 collideret.
252 1813 447 1886 „Inimicitiae
461 1814 629 1888 potentium
643 1829 753 1888 graves
768 1823 855 1874 sunta
872 1823 1045 1890 opponatur

65 1899 151 1958 simul
161 1898 326 1972 Pompeio,
344 1897 480 1970 Caesari,
497 1897 618 1956 Crasso.
640 1911 733 1970 grave
748 1905 795 1957 est
809 1915 828 1957 a
843 1898 1044 1958 deterioribus

66 1983 181 2041 honore
202 1981 324 2040 anteiri:
348 1980 470 2040 Vatinio
494 1981 687 2056 postferatur.
721 1996 816 2054 grave
836 1989 884 2041 est
905 1981 1046 2042 civilibus

66 2065 150 2124 bellis
169 2065 336 2123 interesse:
359 2071 422 2124 toto
443 2071 588 2123 terrarum
611 2064 685 2122 orbe
708 2080 762 2138 pro
779 2079 874 2124 causa
888 2065 970 2124 bona
984 2070 1045 2122 tam

66 2149 223 2207 infeliciter
238 2163 331 2222 quam
351 2148 544 2222 pertinaciter
557 2147 669 2205 militet.
691 2162 786 2220 grave
801 2155 848 2207 est
863 2147 921 2207 sibi
935 2163 1044 2206 manus

65 2232 200 2290 adferre:
216 2231 315 2290 faciat.
339 2231 412 2305 quid
423 2247 478 2305 per
487 2231 563 2289 haec
576 2237 771 2304 consequar?
784 2239 817 2290 ut
829 2247 936 2291 ornnes
948 2231 1047 2290 sciant

66 2331 124 2374 non
139 2331 214 2375 esse
225 2314 302 2373 haec
313 2316 401 2383 mala,
419 2315 530 2388 quibus
545 2329 602 2387 ego
618 2314 740 2388 dignum
754 2314 898 2374 Catonern
910 2314 1045 2388 putavi.“

125 2399 178 2457 lv.
199 2398 353 2472 Prospera
365 2412 398 2456 re
408 2396 424 2433 *
433 2397 458 2469 *,
474 2399 530 2456 sed
544 2397 573 2456 in
591 2397 711 2471 plebem
724 2413 761 2456 ac
773 2397 844 2457 vilia
858 2397 980 2471 ingenia
991 2397 1044 2454 de·
1058 2404 1073 2454 l

66 2482 203 2541 veniunt:
226 2488 257 2540 at
271 2480 457 2540 calamitates
471 2487 668 2553 terroresque
682 2481 853 2540 mortalium
868 2481 926 2540 sub
940 2480 1045 2553 iugum

68 2565 181 2626 mitbere
202 2565 361 2638 proprium
381 2564 488 2637 magni·
504 2561 560 2622 viri
581 2571 637 2622 est.
669 2579 792 2638 semper
807 2579 880 2622 vero
894 2577 966 2620 esse
980 2560 1045 2619 feli-

68 2662 130 2705 cem
145 2655 175 2707 et
189 2647 257 2706 sine
271 2661 377 2707 morsu
387 2647 479 2705 animi
489 2647 618 2705 transire
630 2647 721 2706 vitam
732 2647 874 2720 ignorare
886 2651 934 2704 est
943 2659 1045 2702 rerunt

69 2739 191 2789 naturae
206 2731 332 2789 alteram
347 2737 472 2803 partem.
495 2728 644 2803 „Magnus
661 2729 771 2788 vires:
794 2728 850 2788 sed
864 2729 947 2789 unde
966 2729 1041 2800 scio,
1057 2734 1080 2784 2

69 2813 92 2870 si
106 2811 159 2872 tihi
173 2815 296 2873 fortuna
309 2829 372 2871 non
384 2813 436 2872 dat
448 2814 618 2872 facultatem
630 2811 821 2872 exhibendae
834 2812 972 2872 virtutis?
993 2812 1045 2870 de-

69 2897 212 2955 scendisti
227 2897 267 2956 ad
284 2895 441 2974 Olympia.
457 2896 515 2956 sed
528 2912 619 2956 nemo
634 2903 757 2974 praeter
770 2904 816 2956 tea
831 2911 977 2956 coronam
992 2895 1046 2954 ha-

68 2979 134 3050 bes,
158 2979 314 3041 victoriam
337 2988 399 3040 non
420 2979 527 3040 habes.
561 2996 622 3039 non
648 2981 784 3053 gratulor
803 2987 958 3054 tamquam
979 2978 1045 3036 viro

69 3062 150 3133 forti,
168 3063 225 3122 sed
238 3070 392 3138 tamquam
408 3065 598 3123 consulatum
614 3069 828 3136 praeturamve
842 3063 969 3136 adepto:
990 3060 1046 3119 lto·

69 3161 138 3204 nore
155 3155 261 3206 auctus
275 3151 344 3206 es.“r
363 3145 447 3206 Idem
463 3147 566 3206 dicere
579 3153 609 3207 et
622 3147 705 3206 bono
722 3148 786 3206 viro
802 3161 946 3220 possum,
963 3142 991 3204 si
1005 3143 1080 3202 illie

70 3231 176 3287 nullam
193 3230 390 3290 occasionem
405 3229 558 3290 difficilior
572 3245 664 3289 casus
679 3230 764 3290 dedit
783 3228 813 3287 in
836 3245 897 3303 qua
910 3243 972 3291 una
987 3227 1046 3286 vim

70 3314 111 3370 sui
125 3313 218 3372 animi
229 3315 420 3374 ostenderet:
438 3312 602 3387 „miserum
618 3321 648 3372 t'e
662 3312 773 3384 indico,
787 3312 872 3387 quod
882 3326 1047 3386 numquam

70 3394 145 3456 fuisti
161 3398 264 3456 miser.
295 3397 431 3458 transisti
452 3397 519 3456 sine
540 3395 719 3456 adversario
734 3394 836 3454 vitam.
866 3409 956 3454 nemo
973 3393 1048 3454 sciet

70 3480 137 3552 quid
153 3482 301 3556 potueris.
324 3497 365 3541 ne
379 3487 411 3540 tu
427 3481 549 3556 quidem
565 3481 663 3554 ipse.“
687 3494 765 3554 opus
781 3484 830 3538 est
843 3476 924 3538 enim
938 3477 977 3534 ad
993 3488 1052 3530 no»
