2554 3888
181 228 243 294 170
299 229 352 288 AD
370 225 555 289 SERENUM
575 227 678 288 DIAL.
692 227 772 286 Vlll.
791 225 843 286 DE
858 224 956 286 OTIO.
979 233 1005 289 7.
1017 233 1044 288 8.

181 383 317 452 tilurum,
338 378 366 438 si
386 384 438 437 aul
456 376 604 452 uoluptati
625 375 782 437 inminebit
802 377 988 452 poenitentia
1008 383 1060 437 aut
1074 375 1171 437 dolor

151 466 279 526 *minor
294 477 349 538 pro
364 461 505 537 graviore
526 467 684 520 sumetur?
712 460 778 534 Quo
799 461 930 534 pertinet
947 459 1024 520 haec
1039 460 1169 520 diceret

182 557 215 610 ut
225 548 372 622 adpareat
384 543 667 622 contemplationem
680 545 802 619 placere
813 545 965 605 omnibus.
984 542 1044 604 Alii
1058 550 1168 618 petunt

182 633 277 692 illamr
303 630 393 690 nobis
413 628 491 689 haec
515 628 622 700 statio,
647 643 709 687 non
735 635 843 703 partus
868 635 925 702 est.
958 626 1057 688 Adice
1080 641 1167 687 nnnc

184 716 283 790 [huc],
312 713 395 788 quod
421 729 439 772 e
460 714 529 786 lega
549 710 714 790 Chrysippi
738 710 842 772 viuere
861 713 962 772 otiosa
983 712 1071 772 licat:
1100 727 1164 772 nan

184 799 264 870 dica,
278 803 312 857 ut
326 797 420 856 otium
438 795 577 872 patiatur,
593 796 650 856 sed
665 803 698 855 ut
712 796 811 870 eligat.

156 887 168 938 l
243 881 325 941 Vlll.
352 879 469 954 Negant
487 878 583 939 nostri
604 879 771 954 sapientem
796 878 834 939 ad
857 878 1022 954 quamlibet
1040 893 1166 953 rempu-

183 965 293 1026 blicam
304 961 607 1038 accessururmquid
619 970 720 1024 aulem
731 960 1166 1038 interestquamodosapiens

184 1049 224 1109 ad
239 1047 332 1108 otium
348 1047 456 1119 veniat,
476 1053 574 1107 utrum
589 1047 662 1122 quia
676 1047 852 1122 respublica
867 1047 909 1106 illi
924 1046 1020 1119 deest,
1037 1063 1074 1106 an
1091 1045 1168 1118 quia

184 1133 252 1207 ipse
277 1131 485 1205 reipublicae?
523 1131 550 1189 si
576 1130 717 1191 onrnibus
748 1131 889 1191 delatura
917 1129 1094 1205 respublica
1115 1137 1168 1190 csl

184 1224 321 1290 (semper
335 1222 435 1274 autem
451 1213 547 1274 deerit
562 1213 721 1274 fastidiose
737 1213 981 1289 quaerentibus:
998 1214 1166 1288 interrogo,

184 1300 223 1360 ad
240 1315 331 1375 quarn
352 1297 570 1374 rempublicam
593 1299 719 1373 sapiens
734 1299 774 1358 sil
791 1314 986 1358 accessurus.
1016 1297 1056 1358 ud
1069 1297 1168 1358 Arne-

184 1384 345 1457 niensium,
359 1383 390 1442 in
406 1399 468 1457 qua
479 1382 624 1443 Socrates
635 1382 804 1452 damnatur,
820 1381 1012 1453 Aristoteles,
1027 1397 1067 1441 ne
1078 1382 1167 1442 dam·

184 1475 323 1540 naretur,
340 1466 436 1541 iugitl
457 1466 487 1524 in
504 1481 565 1540 qua
580 1465 726 1541 opprimit
739 1463 855 1526 invidia
867 1467 1016 1526 virtutesl
1035 1465 1169 1541 negabis

155 1551 257 1610 amibi
281 1565 477 1610 accessurum
502 1550 542 1608 ad
567 1549 647 1609 hanc
671 1549 889 1624 rempublicam
911 1549 1089 1624 sapientem.
1126 1548 1169 1608 ad

186 1632 477 1706 Carthaginiensium
496 1648 569 1707 ergo
590 1633 808 1707 rempublicam
830 1633 955 1708 sapiens
970 1634 1111 1708 accedet,
1135 1633 1168 1692 in

186 1733 248 1792 qna
261 1716 392 1776 adsidua
406 1715 516 1777 seditio
534 1723 565 1777 et
578 1717 693 1791 optimo
714 1717 825 1792 cuique
846 1717 957 1778 infesta
970 1716 1093 1778 libertas
1107 1723 1168 1789 est,

186 1816 305 1861 summa
324 1801 414 1876 aequi
429 1817 466 1861 aa
485 1799 558 1861 boni
578 1799 693 1875 vilitas,
715 1801 866 1862 adversus
880 1800 987 1862 hostes
1001 1801 1171 1861 inhumana
1274 1787 1275 1804 ¹

187 1883 365 1956 crudelitas,
388 1885 477 1945 etiam
498 1885 649 1945 adversus
670 1900 744 1945 sues
759 1884 901 1946 hostilisl
923 1893 954 1946 et
967 1884 1046 1944 lianc
1060 1884 1169 1958 lugiet.

154 1967 219 2029 asi
233 1982 417 2043 percensere
433 1969 570 2043 singulas
593 1968 735 2042 voluere,
760 1969 873 2030 nullam
894 1968 1061 2042 inveniam,
1085 1981 1170 2042 quae

188 2052 356 2127 sapientem
381 2059 548 2126 uniquam
574 2052 699 2126 sapiens
726 2052 789 2128 pati
812 2052 921 2128 possit.
960 2052 1078 2125 Quodsi
1103 2067 1168 2113 non

187 2135 339 2194 invenitur
358 2135 409 2195 illa
435 2133 625 2210 respublica,
651 2151 743 2212 quam
763 2135 853 2197 nobis
874 2137 1033 2210 tingimus,
1061 2135 1171 2211 incipit

188 2217 329 2279 omnibns
343 2233 415 2277 esse
430 2219 523 2279 otium
539 2219 761 2294 necessarium,
784 2221 856 2296 quia
873 2221 956 2296 quod
970 2236 1062 2281 unum
1078 2235 1171 2296 prae·

156 2300 259 2362 llerri
281 2309 399 2376 poterat
415 2303 492 2375 otio,
514 2318 666 2378 nusquam
687 2310 750 2364 est.
780 2304 813 2364 Si
835 2305 903 2380 quis
926 2303 1000 2365 dicit
1019 2305 1170 2379 optimum

188 2384 441 2462 cssenavigare,
460 2383 573 2446 deinde
590 2395 681 2460 negat
700 2388 903 2462 navigandum
925 2387 955 2447 in
970 2403 1008 2448 eo
1023 2389 1114 2461 mari,
1137 2387 1170 2447 in

189 2485 249 2545 qno
271 2470 430 2545 naufragia
450 2470 516 2530 lieri
537 2471 656 2531 soleant
675 2477 706 2530 et
727 2472 903 2546 frequenter
917 2471 1036 2532 subitae
1050 2478 1169 2546 tempe·
1272 2503 1273 2521 r

186 2562 283 2615 states
305 2554 379 2626 sint,
403 2569 482 2630 quae
501 2562 650 2615 rectorem
670 2554 700 2613 in
722 2556 906 2616 contrarium
928 2555 1062 2630 rapiant=
1091 2562 1170 2630 puta

187 2637 237 2697 bic
251 2652 300 2697 me
315 2645 397 2699 vetat
410 2654 518 2698 navem
530 2638 661 2710 solvere,
676 2653 745 2698 cum
758 2640 861 2700 landet
871 2638 1172 2714 navigationem.***
