2528 3906
197 203 236 266 va
490 201 524 259 u.
546 197 693 278 anunm
717 198 893 258 suuacnu

197 370 297 414 animo
310 353 530 412 inhorrescunt.
554 329 845 426 tumescuntvcnae.
869 351 1189 414 concutiaturcrebrc

198 433 307 512 spiritu
323 443 445 510 pectus,
467 435 573 494 rabida
591 434 676 494 vocis
695 435 812 508 eruptio
829 435 908 494 colla
924 435 1087 514 distendet.
1117 442 1189 496 tum

198 529 281 580 artus
299 519 422 594 trepidi,
443 519 597 592 inquietae
614 533 730 590 manus,
749 518 842 592 totius
858 519 997 592 corporis
1012 517 1188 578 fluctuatio.
1253 501 1254 582 J

169 605 323 680 eQualem
339 604 418 663 intus
435 611 524 676 putas
537 617 611 664 ,esse
627 601 774 674 animum,
789 601 882 662 cuius
901 609 988 660 extra
1004 601 1104 675 imago
1120 609 1184 662 tam
1253 607 1254 610 ’

200 689 289 746 l'oeda
310 693 378 745 estt
402 693 514 759 quanto
535 685 576 744 illi
596 686 673 744 intra
691 691 799 760 pectus
822 684 983 744 terribilior
1003 682 1104 755 voltus
1125 693 1187 756 est,

199 771 298 830 acrior
312 769 454 843 spiritus,
470 769 611 828 intentior
626 767 763 842 inpetus,
780 776 925 841 rupturus
941 783 975 826 se
991 767 1049 826 nisi
1071 784 1183 842 erupe-

171 855 237 912 5ril
282 853 393 928 Quales
414 859 486 911 sunt
505 851 638 912 hostium
658 853 705 910 vel
724 853 854 911 terarum
880 851 975 910 caede
996 852 1187 912 madentium

200 938 307 996 autad
323 936 447 996 caedem
464 935 600 994 euntium
614 935 796 1009 adspectus,
819 935 921 1009 qualia
934 942 1045 1009 poetae
1063 935 1189 994 inferna

201 1027 336 1078 monstra
358 1019 512 1092 linxerunt
530 1019 689 1081 subcincta
711 1018 908 1092 serpentibus
930 1025 961 1078 et
983 1020 1073 1092 ipneo
1097 1017 1186 1090 datu,

202 1105 308 1177 quales
328 1103 366 1162 ad
387 1103 469 1162 bella
489 1103 651 1162 excitanda
668 1103 915 1177 discordiamque
937 1103 966 1160 in
984 1104 1116 1178 populos
1137 1101 1182 1160 di·

202 1188 364 1248 videndam
388 1202 556 1261 pacemque
577 1187 774 1246 lacerandam·
785 1187 955 1248 teterrimae
976 1187 1106 1258 interum
1128 1203 1182 1244 ex-

201 1279 287 1330 eunt:
303 1273 392 1330 talem
409 1271 498 1332 nobis
514 1271 588 1329 iram
607 1271 790 1344 figuremus,
807 1270 929 1330 flamma
947 1270 1060 1328 himina
1073 1270 1184 1328 arden-

200 1355 256 1428 tia,
279 1355 367 1414 sibilo
393 1349 570 1429 mugituque
592 1361 622 1412 et
642 1354 756 1428 gemitu
776 1361 806 1414 et
820 1352 952 1414 stridore
966 1361 996 1412 ct
1012 1355 1038 1412 si
1055 1369 1117 1428 qua
1134 1352 1184 1412 his

201 1439 329 1499 invisior
343 1455 405 1498 vox
420 1446 481 1511 est,
504 1444 761 1512 perstrepentem,
781 1440 842 1498 tela
856 1453 948 1496 manu
961 1443 1091 1511 utraque
1107 1453 1181 1510 qua·

202 1525 340 1594 tientem,
372 1537 472 1594 neque
498 1523 577 1580 caim
602 1521 643 1580 illi
669 1528 833 1596 sategere
860 1537 952 1580 curae
976 1527 1039 1595 est,
1065 1529 1184 1580 torvam

203 1613 421 1678 cruentamque
442 1612 472 1664 et
492 1605 702 1664 cicatricosam
723 1611 754 1663 et
768 1604 948 1664 verberibus
967 1605 1033 1664 suis
1049 1603 1184 1677 lividam,

202 1690 343 1748 incessus
368 1689 489 1759 vesani,
512 1688 656 1750 obtusam.
673 1689 766 1748 multa
785 1689 928 1762 caligine,
947 1689 1186 1759 incursitantem,

203 1779 371 1830 vastantem
389 1773 605 1846 lugentemque
623 1778 654 1831 et
665 1773 804 1833 omnium
822 1773 893 1832 odio
912 1771 1116 1845 laborantem,
1136 1772 1185 1830 sui

203 1853 350 1926 maxime,
368 1857 394 1914 sl
411 1857 497 1914 aliter
514 1870 626 1916 nocere
643 1872 703 1914 non
724 1855 836 1930 possit,
854 1863 969 1930 terras,
988 1855 1098 1930 maria,
1114 1871 1185 1914 coc-

173 1941 262 2001 eium
280 1955 371 1998 ruere
388 1941 575 2014 cupientem,
593 1939 734 2000 intestam
757 1941 870 2014 pariter
889 1940 1090 2014 invisamque.
1114 1940 1185 2010 vel,

202 2025 229 2082 si
250 2023 382 2092 videtur,
406 2023 445 2082 sit
466 2024 564 2096 qualis
582 2024 665 2096 apud
683 2030 769 2082 vates
788 2029 913 2083 nostros
930 2030 978 2082 est

286 2109 479 2180 romaniacum
500 2109 634 2180 quotiens
655 2107 764 2184 dectrq
785 2107 911 2168 Bellona
928 2110 1098 2182 flapcllrtjm,

285 2197 340 2248 act
358 2193 450 2250 sciam
466 2191 604 2263 pandens
624 2192 709 2250 cadit·
724 2191 882 2252 Discordia
898 2194 1003 2266 palla,

202 2279 256 2332 aut
282 2273 308 2332 si
336 2290 396 2348 qua
424 2272 521 2346 magis
550 2273 615 2332 dira
645 2275 739 2334 iacies
768 2275 935 2350 excogitari
964 2273 1021 2334 diri
1043 2273 1185 2334 adiectus

204 2363 313 2432 potest.

175 2452 189 2502 1
266 2439 400 2498 XXXVI.
428 2439 655 2514 „Quibusdam
678 2447 712 2500 ut
732 2441 774 2500 ait
797 2439 939 2514 SextiuS,
963 2441 1047 2502 iratis
1071 2441 1187 2515 proluit

203 2523 389 2600 adspexisse
418 2526 585 2597 speculum.
632 2523 815 2599 perturbavit
850 2525 919 2584 illos
950 2532 1034 2585 tanta
1059 2525 1185 2586 mutatio

204 2609 261 2666 sui.
299 2609 383 2667 velut
404 2607 434 2666 in
455 2623 519 2666 rem
542 2615 734 2682 praesentem
762 2607 888 2668 adducti
909 2625 970 2670 non
993 2616 1188 2683 agnoverunt

203 2697 279 2748 se“=
303 2698 332 2749 el
355 2692 530 2766 quantulum
554 2707 594 2768 ex
615 2707 689 2750 vera
708 2690 899 2752 delormitate
922 2693 1021 2766 imago
1043 2691 1095 2752 illa
1113 2707 1185 2766 spe·

174 2775 271 2832 lculo
293 2789 479 2846 repercussa
506 2775 676 2838 reddebat?
707 2774 837 2836 Animus
860 2777 887 2836 si
909 2775 1029 2836 ostendi
1051 2782 1082 2834 et
1104 2776 1132 2834 si
1154 2776 1187 2834 iu

203 2856 265 2914 ulla
282 2857 406 2916 materia
423 2857 582 2930 perlucere
601 2865 723 2932 posset,
746 2858 890 2920 intuentis
907 2876 966 2919 nos
985 2859 1189 2918 confunderet

203 2947 267 2998 ater
288 2939 527 3012 maculosusque
553 2948 583 3000 et
604 2947 748 3002 aestuans
771 2949 803 3000 et
824 2943 970 3004 distortus
992 2949 1023 3002 et
1040 2939 1187 3002 tumidus.

202 3038 284 3081 nunc
308 3038 433 3102 quoque
451 3029 533 3082 tanta
551 3024 727 3085 deformitas
744 3025 810 3087 cius
830 3033 878 3090 eal
897 3043 951 3100 per
970 3041 1046 3086 ossa
1062 3040 1188 3086 carnes·

203 3121 263 3180 que
280 3113 310 3166 et
330 3113 375 3166 tot
395 3106 611 3180 impedimenta
633 3107 802 3168 effluentis:
823 3108 942 3184 quidsi
961 3110 1064 3169 nudus
1083 3115 1189 3168 osten-

96 3213 99 3218 ,
173 3189 345 3248 ederetur?
378 3189 511 3250 Seculo
541 3189 662 3266 quidem
692 3190 842 3252 neminem
871 3193 1045 3252 deterritum
1073 3191 1112 3250 ab
1142 3191 1191 3250 ira

203 3273 318 3332 credis:
342 3208 529 3348 quissergot
551 3274 603 3349 qui
622 3276 662 3334 ad
679 3276 839 3350 speculum
856 3283 995 3349 venerat,
1018 3282 1052 3335 ut
1068 3289 1104 3334 se
1120 3291 1189 3334 mu-

201 3361 292 3424 taret,
316 3356 375 3414 iam
397 3365 574 3418 mutaverat
597 3358 684 3418 lratis
708 3358 829 3432 quidem
853 3361 935 3418 nulla
957 3367 1005 3420 est
1021 3359 1191 3418 formosior

203 3439 322 3514 efligies
347 3456 438 3514 quam
459 3447 546 3505 atrox
569 3448 600 3500 et
614 3440 740 3502 horrida
759 3443 931 3517 qualesque·
945 3457 1017 3502 asse
1034 3443 1126 3502 etiam
1143 3443 1190 3501 vi-
