<?xml version="1.0" encoding="UTF-8"?>
<!DOCTYPE html PUBLIC "-//W3C//DTD XHTML 1.0 Transitional//EN"
    "http://www.w3.org/TR/xhtml1/DTD/xhtml1-transitional.dtd">
<html xmlns="http://www.w3.org/1999/xhtml" xml:lang="en" lang="en">
 <head>
  <title>
</title>
<meta http-equiv="Content-Type" content="text/html;charset=utf-8" />
  <meta name='ocr-system' content='tesseract 3.04.00' />
  <meta name='ocr-capabilities' content='ocr_page ocr_carea ocr_par ocr_line ocrx_word'/>
</head>
<body>
  <div class='ocr_page' id='page_1' title='image "./operaquaesupers00senegoog_0120.png"; bbox 0 0 2528 3906; ppageno 0'>
   <div class='ocr_carea' id='block_1_1' title="bbox 264 219 1062 325">
    <p class='ocr_par' dir='ltr' id='par_1_1' title="bbox 264 219 1062 325">
     <span class='ocr_line' id='line_1_1' title="bbox 264 219 1062 325; baseline 0.016 -47"><span class='ocrx_word' id='word_1_1' title='bbox 264 219 367 282; x_wconf 78' lang='lat' dir='ltr'><strong>DlAL.</strong></span> <span class='ocrx_word' id='word_1_2' title='bbox 382 219 435 325; x_wconf 73' lang='lat' dir='ltr'><strong>v&#39;.</strong></span> <span class='ocrx_word' id='word_1_3' title='bbox 449 219 501 280; x_wconf 78' lang='lat' dir='ltr'><strong>DE</strong></span> <span class='ocrx_word' id='word_1_4' title='bbox 515 219 583 281; x_wconf 85' lang='lat' dir='ltr'><strong>IRA</strong></span> <span class='ocrx_word' id='word_1_5' title='bbox 597 221 670 282; x_wconf 76' lang='grc' dir='ltr'><strong>ΠΒ.</strong></span> <span class='ocrx_word' id='word_1_6' title='bbox 685 223 735 284; x_wconf 91' lang='lat' dir='ltr'><strong>lll.</strong></span> <span class='ocrx_word' id='word_1_7' title='bbox 749 232 871 290; x_wconf 79' lang='lat' dir='ltr'><strong>at-at.</strong></span> <span class='ocrx_word' id='word_1_8' title='bbox 1000 227 1062 291; x_wconf 82' lang='lat'><strong>107</strong></span> 
     </span>
    </p>
   </div>
   <div class='ocr_carea' id='block_1_2' title="bbox 9 369 1125 3538">
    <p class='ocr_par' dir='ltr' id='par_1_2' title="bbox 9 369 1125 1698">
     <span class='ocr_line' id='line_1_2' title="bbox 82 369 1060 446; baseline 0.007 -15"><span class='ocrx_word' id='word_1_9' title='bbox 82 369 209 446; x_wconf 72' lang='lat' dir='ltr'><strong>quillus</strong></span> <span class='ocrx_word' id='word_1_10' title='bbox 225 384 316 445; x_wconf 83' lang='lat' dir='ltr'><strong>quam</strong></span> <span class='ocrx_word' id='word_1_11' title='bbox 329 371 409 430; x_wconf 74' lang='lat' dir='ltr'><strong>altum</strong></span> <span class='ocrx_word' id='word_1_12' title='bbox 424 385 460 430; x_wconf 90' lang='lat' dir='ltr'><strong>ac</strong></span> <span class='ocrx_word' id='word_1_13' title='bbox 475 369 560 443; x_wconf 88' lang='lat' dir='ltr'><strong>liber,</strong></span> <span class='ocrx_word' id='word_1_14' title='bbox 577 385 645 431; x_wconf 91' lang='lat' dir='ltr'><strong>cum</strong></span> <span class='ocrx_word' id='word_1_15' title='bbox 657 379 712 432; x_wconf 87' lang='lat' dir='ltr'><strong>aut</strong></span> <span class='ocrx_word' id='word_1_16' title='bbox 726 372 865 434; x_wconf 91' lang='lat' dir='ltr'><strong>laudatus</strong></span> <span class='ocrx_word' id='word_1_17' title='bbox 881 381 928 435; x_wconf 93' lang='lat' dir='ltr'><strong>est</strong></span> <span class='ocrx_word' id='word_1_18' title='bbox 942 376 1060 438; x_wconf 87' lang='lat' dir='ltr'><strong>animus</strong></span> 
     </span>
     <span class='ocr_line' id='line_1_3' title="bbox 81 451 1060 530; baseline 0.007 -16"><span class='ocrx_word' id='word_1_19' title='bbox 81 459 137 514; x_wconf 87' lang='lat' dir='ltr'><strong>aut</strong></span> <span class='ocrx_word' id='word_1_20' title='bbox 152 451 326 513; x_wconf 90' lang='lat' dir='ltr'><strong>admonitus</strong></span> <span class='ocrx_word' id='word_1_21' title='bbox 347 459 378 512; x_wconf 91' lang='lat' dir='ltr'><strong>et</strong></span> <span class='ocrx_word' id='word_1_22' title='bbox 392 453 567 528; x_wconf 81' lang='lat' dir='ltr'>speculator</span> <span class='ocrx_word' id='word_1_23' title='bbox 586 453 635 514; x_wconf 91' lang='lat' dir='ltr'><strong>sui</strong></span> <span class='ocrx_word' id='word_1_24' title='bbox 656 469 830 530; x_wconf 79' lang='lat' dir='ltr'><strong>censorque</strong></span> <span class='ocrx_word' id='word_1_25' title='bbox 850 465 987 520; x_wconf 89' lang='lat' dir='ltr'><strong>secretus</strong></span> <span class='ocrx_word' id='word_1_26' title='bbox 1009 477 1060 520; x_wconf 90' lang='lat' dir='ltr'><strong>co-</strong></span> 
     </span>
     <span class='ocr_line' id='line_1_4' title="bbox 9 534 1094 613; baseline 0.007 -17"><span class='ocrx_word' id='word_1_27' title='bbox 9 597 11 612; x_wconf 60' lang='lat'><em>,</em></span> <span class='ocrx_word' id='word_1_28' title='bbox 82 534 209 612; x_wconf 84' lang='lat' dir='ltr'><strong>guoscit</strong></span> <span class='ocrx_word' id='word_1_29' title='bbox 222 535 263 596; x_wconf 88' lang='lat' dir='ltr'><strong>de</strong></span> <span class='ocrx_word' id='word_1_30' title='bbox 276 534 415 597; x_wconf 88' lang='lat' dir='ltr'><strong>moribus</strong></span> <span class='ocrx_word' id='word_1_31' title='bbox 430 536 518 598; x_wconf 79' lang='lat' dir='ltr'><strong>suist</strong></span> <span class='ocrx_word' id='word_1_32' title='bbox 559 537 635 598; x_wconf 87' lang='lat' dir='ltr'><strong>Utor</strong></span> <span class='ocrx_word' id='word_1_33' title='bbox 654 536 712 598; x_wconf 83' lang='lat' dir='ltr'><strong>liae</strong></span> <span class='ocrx_word' id='word_1_34' title='bbox 728 546 880 613; x_wconf 80' lang='lat' dir='ltr'><strong>potestate</strong></span> <span class='ocrx_word' id='word_1_35' title='bbox 900 548 931 600; x_wconf 87' lang='lat' dir='ltr'><strong>et</strong></span> <span class='ocrx_word' id='word_1_36' title='bbox 950 543 1094 604; x_wconf 69' lang='lat' dir='ltr'><strong>aaudiat</strong></span> 
     </span>
     <span class='ocr_line' id='line_1_5' title="bbox 9 619 1109 698; baseline 0.005 -18"><span class='ocrx_word' id='word_1_37' title='bbox 9 629 11 660; x_wconf 44' lang='grc' dir='ltr'>ἒ</span> <span class='ocrx_word' id='word_1_38' title='bbox 83 619 169 694; x_wconf 88' lang='lat' dir='ltr'><strong>apud</strong></span> <span class='ocrx_word' id='word_1_39' title='bbox 183 633 233 678; x_wconf 88' lang='lat' dir='ltr'><strong>mc</strong></span> <span class='ocrx_word' id='word_1_40' title='bbox 247 634 373 680; x_wconf 87' lang='lat' dir='ltr'><strong>causam</strong></span> <span class='ocrx_word' id='word_1_41' title='bbox 387 619 467 680; x_wconf 91' lang='lat' dir='ltr'><strong>dico.</strong></span> <span class='ocrx_word' id='word_1_42' title='bbox 496 633 565 681; x_wconf 92' lang='lat' dir='ltr'><strong>cum</strong></span> <span class='ocrx_word' id='word_1_43' title='bbox 580 620 731 682; x_wconf 91' lang='lat' dir='ltr'><strong>sublatum</strong></span> <span class='ocrx_word' id='word_1_44' title='bbox 747 630 947 698; x_wconf 85' lang='lat' dir='ltr'><strong>econspectu</strong></span> <span class='ocrx_word' id='word_1_45' title='bbox 960 625 1061 686; x_wconf 93' lang='lat' dir='ltr'><strong>lumen</strong></span> <span class='ocrx_word' id='word_1_46' title='bbox 1108 629 1109 633; x_wconf 75' lang='grc'>’</span> 
     </span>
     <span class='ocr_line' id='line_1_6' title="bbox 83 701 1061 779; baseline 0.005 -16"><span class='ocrx_word' id='word_1_47' title='bbox 83 710 135 763; x_wconf 90' lang='lat' dir='ltr'><strong>est</strong></span> <span class='ocrx_word' id='word_1_48' title='bbox 148 709 179 762; x_wconf 90' lang='lat' dir='ltr'><strong>et</strong></span> <span class='ocrx_word' id='word_1_49' title='bbox 193 703 339 764; x_wconf 89' lang='lat' dir='ltr'><strong>conticuit</strong></span> <span class='ocrx_word' id='word_1_50' title='bbox 348 719 430 764; x_wconf 89' lang='lat' dir='ltr'><strong>uxor</strong></span> <span class='ocrx_word' id='word_1_51' title='bbox 449 701 543 764; x_wconf 89' lang='lat' dir='ltr'><strong>moris</strong></span> <span class='ocrx_word' id='word_1_52' title='bbox 564 703 625 764; x_wconf 90' lang='lat' dir='ltr'><strong>mei</strong></span> <span class='ocrx_word' id='word_1_53' title='bbox 638 704 699 764; x_wconf 89' lang='lat' dir='ltr'><strong>iam</strong></span> <span class='ocrx_word' id='word_1_54' title='bbox 713 707 848 779; x_wconf 82' lang='lat' dir='ltr'><strong>conscia,</strong></span> <span class='ocrx_word' id='word_1_55' title='bbox 869 714 964 768; x_wconf 91' lang='lat' dir='ltr'><strong>totum</strong></span> <span class='ocrx_word' id='word_1_56' title='bbox 980 709 1061 768; x_wconf 90' lang='lat' dir='ltr'><strong>diem</strong></span> 
     </span>
     <span class='ocr_line' id='line_1_7' title="bbox 83 787 1061 862; baseline 0.004 -14"><span class='ocrx_word' id='word_1_57' title='bbox 83 801 187 848; x_wconf 90' lang='lat' dir='ltr'><strong>meum</strong></span> <span class='ocrx_word' id='word_1_58' title='bbox 201 792 322 848; x_wconf 89' lang='lat' dir='ltr'><strong>scrutor</strong></span> <span class='ocrx_word' id='word_1_59' title='bbox 336 787 480 862; x_wconf 85' lang='lat' dir='ltr'><strong>tactaque</strong></span> <span class='ocrx_word' id='word_1_60' title='bbox 493 801 530 848; x_wconf 87' lang='lat' dir='ltr'><strong>ac</strong></span> <span class='ocrx_word' id='word_1_61' title='bbox 545 787 627 848; x_wconf 88' lang='lat' dir='ltr'><strong>dicta</strong></span> <span class='ocrx_word' id='word_1_62' title='bbox 639 803 708 847; x_wconf 89' lang='lat' dir='ltr'><strong>mea</strong></span> <span class='ocrx_word' id='word_1_63' title='bbox 721 788 874 850; x_wconf 90' lang='lat' dir='ltr'><strong>remetior.</strong></span> <span class='ocrx_word' id='word_1_64' title='bbox 901 790 975 850; x_wconf 90' lang='lat' dir='ltr'><strong>nihil</strong></span> <span class='ocrx_word' id='word_1_65' title='bbox 989 791 1061 852; x_wconf 90' lang='lat' dir='ltr'><strong>milri</strong></span> 
     </span>
     <span class='ocr_line' id='line_1_8' title="bbox 82 868 1062 948; baseline 0.003 -17"><span class='ocrx_word' id='word_1_66' title='bbox 82 869 155 946; x_wconf 83' lang='lat' dir='ltr'><strong>ipse</strong></span> <span class='ocrx_word' id='word_1_67' title='bbox 174 869 345 943; x_wconf 75' lang='lat' dir='ltr'><strong>abscondo,</strong></span> <span class='ocrx_word' id='word_1_68' title='bbox 365 868 440 930; x_wconf 87' lang='lat' dir='ltr'>nihil</span> <span class='ocrx_word' id='word_1_69' title='bbox 458 877 594 932; x_wconf 83' lang='lat' dir='ltr'><strong>transeo.</strong></span> <span class='ocrx_word' id='word_1_70' title='bbox 624 887 720 946; x_wconf 86' lang='lat' dir='ltr'><strong>quare</strong></span> <span class='ocrx_word' id='word_1_71' title='bbox 736 872 816 932; x_wconf 91' lang='lat' dir='ltr'><strong>enim</strong></span> <span class='ocrx_word' id='word_1_72' title='bbox 837 873 1000 948; x_wconf 86' lang='lat' dir='ltr'><strong>quiequam</strong></span> <span class='ocrx_word' id='word_1_73' title='bbox 1021 890 1062 934; x_wconf 86' lang='lat' dir='ltr'><strong>ex</strong></span> 
     </span>
     <span class='ocr_line' id='line_1_9' title="bbox 83 952 1060 1029; baseline 0.005 -16"><span class='ocrx_word' id='word_1_74' title='bbox 83 952 242 1015; x_wconf 88' lang='lat' dir='ltr'><strong>erroribus</strong></span> <span class='ocrx_word' id='word_1_75' title='bbox 258 953 334 1014; x_wconf 90' lang='lat' dir='ltr'><strong>meis</strong></span> <span class='ocrx_word' id='word_1_76' title='bbox 350 953 480 1028; x_wconf 90' lang='lat' dir='ltr'><strong>timeam,</strong></span> <span class='ocrx_word' id='word_1_77' title='bbox 495 969 563 1014; x_wconf 88' lang='lat' dir='ltr'><strong>cum</strong></span> <span class='ocrx_word' id='word_1_78' title='bbox 574 955 691 1029; x_wconf 80' lang='lat' dir='ltr'><strong>possim</strong></span> <span class='ocrx_word' id='word_1_79' title='bbox 706 955 823 1016; x_wconf 78' lang='lat' dir='ltr'><strong>dicere:</strong></span> <span class='ocrx_word' id='word_1_80' title='bbox 839 955 911 1016; x_wconf 89' lang='lat' dir='ltr'><strong>vide</strong></span> <span class='ocrx_word' id='word_1_81' title='bbox 926 971 965 1016; x_wconf 89' lang='lat' dir='ltr'><strong>ne</strong></span> <span class='ocrx_word' id='word_1_82' title='bbox 978 959 1060 1018; x_wconf 89' lang='lat' dir='ltr'><strong>istud</strong></span> 
     </span>
     <span class='ocr_line' id='line_1_10' title="bbox 83 1034 1094 1116; baseline -0.002 -18"><span class='ocrx_word' id='word_1_83' title='bbox 83 1037 217 1112; x_wconf 86' lang='lat' dir='ltr'><strong>amplius</strong></span> <span class='ocrx_word' id='word_1_84' title='bbox 237 1035 348 1108; x_wconf 74' lang='lat' dir='ltr'><strong>lecim,</strong></span> <span class='ocrx_word' id='word_1_85' title='bbox 372 1053 453 1098; x_wconf 91' lang='lat' dir='ltr'><strong>nunc</strong></span> <span class='ocrx_word' id='word_1_86' title='bbox 473 1037 526 1098; x_wconf 89' lang='lat' dir='ltr'><strong>tibi</strong></span> <span class='ocrx_word' id='word_1_87' title='bbox 545 1034 685 1114; x_wconf 86' lang='lat' dir='ltr'><strong>ignosco.</strong></span> <span class='ocrx_word' id='word_1_88' title='bbox 727 1039 761 1098; x_wconf 92' lang='lat' dir='ltr'><strong>lu</strong></span> <span class='ocrx_word' id='word_1_89' title='bbox 782 1037 833 1099; x_wconf 92' lang='lat' dir='ltr'><strong>illa</strong></span> <span class='ocrx_word' id='word_1_90' title='bbox 855 1040 1094 1116; x_wconf 75' lang='lat' dir='ltr'><strong>disputationes</strong></span> 
     </span>
     <span class='ocr_line' id='line_1_11' title="bbox 82 1121 1062 1200; baseline 0.006 -20"><span class='ocrx_word' id='word_1_91' title='bbox 82 1121 257 1196; x_wconf 80' lang='lat' dir='ltr'>pugnacius</span> <span class='ocrx_word' id='word_1_92' title='bbox 272 1123 393 1181; x_wconf 88' lang='lat' dir='ltr'><strong>locutus</strong></span> <span class='ocrx_word' id='word_1_93' title='bbox 407 1137 452 1182; x_wconf 90' lang='lat' dir='ltr'><strong>es.</strong></span> <span class='ocrx_word' id='word_1_94' title='bbox 481 1121 543 1182; x_wconf 91' lang='lat' dir='ltr'><strong>noli</strong></span> <span class='ocrx_word' id='word_1_95' title='bbox 564 1129 674 1197; x_wconf 90' lang='lat' dir='ltr'><strong>postea</strong></span> <span class='ocrx_word' id='word_1_96' title='bbox 695 1122 842 1197; x_wconf 82' lang='lat' dir='ltr'><strong>congredi</strong></span> <span class='ocrx_word' id='word_1_97' title='bbox 862 1139 931 1184; x_wconf 84' lang='lat' dir='ltr'><strong>cunr</strong></span> <span class='ocrx_word' id='word_1_98' title='bbox 950 1125 1062 1200; x_wconf 87' lang='lat' dir='ltr'><strong>inperi-</strong></span> 
     </span>
     <span class='ocr_line' id='line_1_12' title="bbox 82 1203 1057 1280; baseline 0.003 -15"><span class='ocrx_word' id='word_1_99' title='bbox 82 1205 140 1265; x_wconf 82' lang='lat' dir='ltr'><strong>tis:</strong></span> <span class='ocrx_word' id='word_1_100' title='bbox 156 1206 264 1265; x_wconf 90' lang='lat' dir='ltr'><strong>nolunt</strong></span> <span class='ocrx_word' id='word_1_101' title='bbox 277 1204 407 1280; x_wconf 81' lang='lat' dir='ltr'><strong>discere,</strong></span> <span class='ocrx_word' id='word_1_102' title='bbox 427 1203 480 1280; x_wconf 88' lang='lat' dir='ltr'><strong>qui</strong></span> <span class='ocrx_word' id='word_1_103' title='bbox 494 1221 659 1280; x_wconf 82' lang='lat' dir='ltr'>numquam</span> <span class='ocrx_word' id='word_1_104' title='bbox 675 1203 856 1267; x_wconf 87' lang='lat' dir='ltr'><strong>didicerunt</strong></span> <span class='ocrx_word' id='word_1_105' title='bbox 887 1207 973 1267; x_wconf 91' lang='lat' dir='ltr'><strong>lllum</strong></span> <span class='ocrx_word' id='word_1_106' title='bbox 987 1208 1057 1268; x_wconf 92' lang='lat' dir='ltr'><strong>libe·</strong></span> 
     </span>
     <span class='ocr_line' id='line_1_13' title="bbox 82 1287 1060 1365; baseline 0.003 -18"><span class='ocrx_word' id='word_1_107' title='bbox 82 1287 150 1348; x_wconf 91' lang='lat' dir='ltr'><strong>rius</strong></span> <span class='ocrx_word' id='word_1_108' title='bbox 170 1287 356 1348; x_wconf 87' lang='lat' dir='ltr'><strong>admonuisti</strong></span> <span class='ocrx_word' id='word_1_109' title='bbox 377 1304 468 1364; x_wconf 83' lang='lat' dir='ltr'><strong>quam</strong></span> <span class='ocrx_word' id='word_1_110' title='bbox 487 1288 633 1350; x_wconf 82' lang='lat' dir='ltr'><strong>debebas.</strong></span> <span class='ocrx_word' id='word_1_111' title='bbox 662 1289 776 1364; x_wconf 82' lang='lat' dir='ltr'><strong>ltaque</strong></span> <span class='ocrx_word' id='word_1_112' title='bbox 801 1305 861 1349; x_wconf 92' lang='lat' dir='ltr'><strong>non</strong></span> <span class='ocrx_word' id='word_1_113' title='bbox 883 1292 1060 1365; x_wconf 87' lang='lat' dir='ltr'><strong>emendasti,</strong></span> 
     </span>
     <span class='ocr_line' id='line_1_14' title="bbox 82 1369 1061 1444; baseline 0.002 -12"><span class='ocrx_word' id='word_1_114' title='bbox 82 1372 145 1432; x_wconf 89' lang='lat' dir='ltr'><strong>sed</strong></span> <span class='ocrx_word' id='word_1_115' title='bbox 160 1369 325 1432; x_wconf 83' lang='lat' dir='ltr'><strong>offendisti.</strong></span> <span class='ocrx_word' id='word_1_116' title='bbox 354 1371 394 1432; x_wconf 92' lang='lat' dir='ltr'><strong>de</strong></span> <span class='ocrx_word' id='word_1_117' title='bbox 414 1379 516 1432; x_wconf 88' lang='lat' dir='ltr'><strong>cetero</strong></span> <span class='ocrx_word' id='word_1_118' title='bbox 536 1371 616 1444; x_wconf 74' lang='lat' dir='ltr'><strong>tide,</strong></span> <span class='ocrx_word' id='word_1_119' title='bbox 631 1388 692 1432; x_wconf 90' lang='lat' dir='ltr'><strong>non</strong></span> <span class='ocrx_word' id='word_1_120' title='bbox 704 1378 820 1432; x_wconf 89' lang='lat' dir='ltr'><strong>tuntum</strong></span> <span class='ocrx_word' id='word_1_121' title='bbox 834 1389 872 1433; x_wconf 91' lang='lat' dir='ltr'><strong>an</strong></span> <span class='ocrx_word' id='word_1_122' title='bbox 895 1390 999 1434; x_wconf 85' lang='lat' dir='ltr'><strong>verum</strong></span> <span class='ocrx_word' id='word_1_123' title='bbox 1022 1375 1061 1434; x_wconf 93' lang='lat' dir='ltr'><strong>sit</strong></span> 
     </span>
     <span class='ocr_line' id='line_1_15' title="bbox 84 1454 1125 1532; baseline 0 -16"><span class='ocrx_word' id='word_1_124' title='bbox 84 1455 171 1532; x_wconf 90' lang='lat' dir='ltr'><strong>quod</strong></span> <span class='ocrx_word' id='word_1_125' title='bbox 185 1455 273 1529; x_wconf 88' lang='lat' dir='ltr'><strong>dicis,</strong></span> <span class='ocrx_word' id='word_1_126' title='bbox 289 1455 397 1515; x_wconf 89' lang='lat' dir='ltr'><strong>sedan</strong></span> <span class='ocrx_word' id='word_1_127' title='bbox 413 1456 462 1514; x_wconf 90' lang='lat' dir='ltr'><strong>ille</strong></span> <span class='ocrx_word' id='word_1_128' title='bbox 477 1456 526 1516; x_wconf 91' lang='lat' dir='ltr'><strong>cui</strong></span> <span class='ocrx_word' id='word_1_129' title='bbox 540 1454 649 1516; x_wconf 88' lang='lat' dir='ltr'><strong>dicitur</strong></span> <span class='ocrx_word' id='word_1_130' title='bbox 664 1455 728 1516; x_wconf 91' lang='lat' dir='ltr'><strong>veri</strong></span> <span class='ocrx_word' id='word_1_131' title='bbox 741 1455 862 1531; x_wconf 86' lang='lat' dir='ltr'><strong>patiens</strong></span> <span class='ocrx_word' id='word_1_132' title='bbox 878 1456 926 1518; x_wconf 92' lang='lat' dir='ltr'><strong>sit.</strong></span> <span class='ocrx_word' id='word_1_133' title='bbox 954 1457 1060 1518; x_wconf 89' lang='lat' dir='ltr'><strong>admo·</strong></span> <span class='ocrx_word' id='word_1_134' title='bbox 1119 1507 1125 1516; x_wconf 82' lang='grc'>.</span> 
     </span>
     <span class='ocr_line' id='line_1_16' title="bbox 83 1537 1059 1616; baseline 0.001 -17"><span class='ocrx_word' id='word_1_135' title='bbox 83 1539 152 1600; x_wconf 90' lang='lat' dir='ltr'><strong>neri</strong></span> <span class='ocrx_word' id='word_1_136' title='bbox 165 1539 398 1613; x_wconf 84' lang='lat' dir='ltr'><strong>bonusgaudet=</strong></span> <span class='ocrx_word' id='word_1_137' title='bbox 417 1537 945 1615; x_wconf 87' lang='lat' dir='ltr'><strong>pessimusquisque[cor]rectorem</strong></span> <span class='ocrx_word' id='word_1_138' title='bbox 953 1556 1059 1616; x_wconf 86' lang='lat' dir='ltr'><strong>asper-</strong></span> 
     </span>
     <span class='ocr_line' id='line_1_17' title="bbox 82 1620 553 1698; baseline -0.002 -15"><span class='ocrx_word' id='word_1_139' title='bbox 82 1623 160 1684; x_wconf 90' lang='lat' dir='ltr'><strong>rime</strong></span> <span class='ocrx_word' id='word_1_140' title='bbox 175 1620 295 1698; x_wconf 88' lang='lat' dir='ltr'><strong>patitur.</strong></span> <span class='ocrx_word' id='word_1_141' title='bbox 548 1671 553 1682; x_wconf 88' lang='lat'><strong>.</strong></span> 
     </span>
    </p>

    <p class='ocr_par' dir='ltr' id='par_1_3' title="bbox 82 1701 1095 3538">
     <span class='ocr_line' id='line_1_18' title="bbox 147 1701 1092 1781; baseline 0.004 -15"><span class='ocrx_word' id='word_1_142' title='bbox 147 1705 296 1766; x_wconf 82' lang='lat' dir='ltr'><strong>xxxvtt.</strong></span> <span class='ocrx_word' id='word_1_143' title='bbox 317 1707 350 1764; x_wconf 94' lang='lat' dir='ltr'><strong>ln</strong></span> <span class='ocrx_word' id='word_1_144' title='bbox 367 1703 510 1768; x_wconf 89' lang='lat' dir='ltr'><strong>convivio</strong></span> <span class='ocrx_word' id='word_1_145' title='bbox 526 1706 728 1781; x_wconf 79' lang='lat' dir='ltr'><strong>quorumdam</strong></span> <span class='ocrx_word' id='word_1_146' title='bbox 742 1713 771 1766; x_wconf 85' lang='lat' dir='ltr'><strong>tc</strong></span> <span class='ocrx_word' id='word_1_147' title='bbox 786 1709 868 1768; x_wconf 89' lang='lat' dir='ltr'><strong>sales</strong></span> <span class='ocrx_word' id='word_1_148' title='bbox 884 1715 915 1768; x_wconf 92' lang='lat' dir='ltr'><strong>et</strong></span> <span class='ocrx_word' id='word_1_149' title='bbox 928 1709 957 1767; x_wconf 92' lang='lat' dir='ltr'><strong>in</strong></span> <span class='ocrx_word' id='word_1_150' title='bbox 974 1701 1092 1770; x_wconf 81' lang='lat' dir='ltr'><strong>‹tolo-&#39;1</strong></span> 
     </span>
     <span class='ocr_line' id='line_1_19' title="bbox 82 1789 1060 1866; baseline 0 -16"><span class='ocrx_word' id='word_1_151' title='bbox 82 1805 150 1850; x_wconf 91' lang='lat' dir='ltr'><strong>rem</strong></span> <span class='ocrx_word' id='word_1_152' title='bbox 169 1797 253 1850; x_wconf 90' lang='lat' dir='ltr'><strong>tuum</strong></span> <span class='ocrx_word' id='word_1_153' title='bbox 275 1789 354 1850; x_wconf 90' lang='lat' dir='ltr'><strong>iacta</strong></span> <span class='ocrx_word' id='word_1_154' title='bbox 374 1789 468 1849; x_wconf 92' lang='lat' dir='ltr'><strong>verba</strong></span> <span class='ocrx_word' id='word_1_155' title='bbox 483 1790 659 1864; x_wconf 80' lang='lat' dir='ltr'><strong>tetigerunt:</strong></span> <span class='ocrx_word' id='word_1_156' title='bbox 675 1791 772 1849; x_wconf 91' lang='lat' dir='ltr'><strong>vitare</strong></span> <span class='ocrx_word' id='word_1_157' title='bbox 792 1793 934 1866; x_wconf 79' lang='lat' dir='ltr'><strong>volgares</strong></span> <span class='ocrx_word' id='word_1_158' title='bbox 956 1791 1060 1850; x_wconf 91' lang='lat' dir='ltr'><strong>convi-</strong></span> 
     </span>
     <span class='ocr_line' id='line_1_20' title="bbox 83 1871 1061 1948; baseline -0.001 -14"><span class='ocrx_word' id='word_1_159' title='bbox 83 1881 153 1934; x_wconf 88' lang='lat' dir='ltr'><strong>ctus</strong></span> <span class='ocrx_word' id='word_1_160' title='bbox 169 1879 331 1934; x_wconf 90' lang='lat' dir='ltr'><strong>memento.</strong></span> <span class='ocrx_word' id='word_1_161' title='bbox 361 1871 489 1933; x_wconf 91' lang='lat' dir='ltr'><strong>solutior</strong></span> <span class='ocrx_word' id='word_1_162' title='bbox 503 1880 552 1934; x_wconf 90' lang='lat' dir='ltr'><strong>est</strong></span> <span class='ocrx_word' id='word_1_163' title='bbox 565 1881 638 1948; x_wconf 89' lang='lat' dir='ltr'><strong>post</strong></span> <span class='ocrx_word' id='word_1_164' title='bbox 651 1873 753 1934; x_wconf 89' lang='lat' dir='ltr'><strong>viuum</strong></span> <span class='ocrx_word' id='word_1_165' title='bbox 776 1875 904 1947; x_wconf 85' lang='lat' dir='ltr'><strong>licentia,</strong></span> <span class='ocrx_word' id='word_1_166' title='bbox 929 1874 1001 1948; x_wconf 87' lang='lat' dir='ltr'><strong>quia</strong></span> <span class='ocrx_word' id='word_1_167' title='bbox 1021 1889 1061 1933; x_wconf 90' lang='lat' dir='ltr'><strong>ue</strong></span> 
     </span>
     <span class='ocr_line' id='line_1_21' title="bbox 83 1955 1095 2032; baseline -0.001 -15"><span class='ocrx_word' id='word_1_168' title='bbox 83 1957 198 2023; x_wconf 80' lang='lat' dir='ltr'><strong>sobriis</strong></span> <span class='ocrx_word' id='word_1_169' title='bbox 220 1956 343 2032; x_wconf 87' lang='lat' dir='ltr'><strong>quidem</strong></span> <span class='ocrx_word' id='word_1_170' title='bbox 359 1956 461 2031; x_wconf 86' lang='lat' dir='ltr'><strong>pudor</strong></span> <span class='ocrx_word' id='word_1_171' title='bbox 480 1963 537 2016; x_wconf 87' lang='lat' dir='ltr'><strong>est.</strong></span> <span class='ocrx_word' id='word_1_172' title='bbox 571 1957 683 2016; x_wconf 89' lang='lat' dir='ltr'><strong>Iratum</strong></span> <span class='ocrx_word' id='word_1_173' title='bbox 705 1955 806 2016; x_wconf 91' lang='lat' dir='ltr'><strong>vidisti</strong></span> <span class='ocrx_word' id='word_1_174' title='bbox 826 1957 957 2017; x_wconf 88' lang='lat' dir='ltr'><strong>amicum</strong></span> <span class='ocrx_word' id='word_1_175' title='bbox 977 1964 1095 2018; x_wconf 70' lang='lat' dir='ltr'><strong>tauma</strong></span> 
     </span>
     <span class='ocr_line' id='line_1_22' title="bbox 83 2039 1060 2115; baseline -0.003 -13"><span class='ocrx_word' id='word_1_176' title='bbox 83 2039 211 2102; x_wconf 88' lang='lat' dir='ltr'><strong>ostiario</strong></span> <span class='ocrx_word' id='word_1_177' title='bbox 222 2040 369 2101; x_wconf 89' lang='lat' dir='ltr'><strong>causidici</strong></span> <span class='ocrx_word' id='word_1_178' title='bbox 382 2039 510 2100; x_wconf 88' lang='lat' dir='ltr'><strong>alieuius</strong></span> <span class='ocrx_word' id='word_1_179' title='bbox 520 2047 572 2102; x_wconf 89' lang='lat' dir='ltr'><strong>aut</strong></span> <span class='ocrx_word' id='word_1_180' title='bbox 586 2039 697 2114; x_wconf 90' lang='lat' dir='ltr'><strong>divitis,</strong></span> <span class='ocrx_word' id='word_1_181' title='bbox 715 2041 798 2115; x_wconf 86' lang='lat' dir='ltr'><strong>quod</strong></span> <span class='ocrx_word' id='word_1_182' title='bbox 813 2041 971 2102; x_wconf 85' lang='lat' dir='ltr'><strong>intrantem</strong></span> <span class='ocrx_word' id='word_1_183' title='bbox 988 2040 1060 2100; x_wconf 91' lang='lat' dir='ltr'><strong>sub-</strong></span> 
     </span>
     <span class='ocr_line' id='line_1_23' title="bbox 83 2123 1059 2199; baseline -0.004 -15"><span class='ocrx_word' id='word_1_184' title='bbox 83 2131 233 2198; x_wconf 82' lang='lat' dir='ltr'><strong>moverat,</strong></span> <span class='ocrx_word' id='word_1_185' title='bbox 254 2123 367 2198; x_wconf 87' lang='lat' dir='ltr'><strong>etipse</strong></span> <span class='ocrx_word' id='word_1_186' title='bbox 381 2139 437 2199; x_wconf 88' lang='lat' dir='ltr'><strong>pro</strong></span> <span class='ocrx_word' id='word_1_187' title='bbox 455 2123 507 2184; x_wconf 93' lang='lat' dir='ltr'><strong>illo</strong></span> <span class='ocrx_word' id='word_1_188' title='bbox 521 2123 616 2184; x_wconf 91' lang='lat' dir='ltr'><strong>iratus</strong></span> <span class='ocrx_word' id='word_1_189' title='bbox 632 2131 767 2184; x_wconf 80' lang='lat' dir='ltr'><strong>exuemo</strong></span> <span class='ocrx_word' id='word_1_190' title='bbox 788 2123 940 2198; x_wconf 80' lang='lat' dir='ltr'><strong>mancipio</strong></span> <span class='ocrx_word' id='word_1_191' title='bbox 961 2123 1059 2184; x_wconf 70' lang='lat' dir='ltr'><strong>fuistis</strong></span> 
     </span>
     <span class='ocr_line' id='line_1_24' title="bbox 83 2206 1060 2282; baseline -0.004 -13"><span class='ocrx_word' id='word_1_192' title='bbox 83 2206 230 2270; x_wconf 86' lang='lat' dir='ltr'><strong>irasceris</strong></span> <span class='ocrx_word' id='word_1_193' title='bbox 246 2221 320 2282; x_wconf 88' lang='lat' dir='ltr'><strong>ergo</strong></span> <span class='ocrx_word' id='word_1_194' title='bbox 336 2207 489 2268; x_wconf 89' lang='lat' dir='ltr'><strong>catenario</strong></span> <span class='ocrx_word' id='word_1_195' title='bbox 505 2208 594 2268; x_wconf 84' lang='lat' dir='ltr'><strong>canit</strong></span> <span class='ocrx_word' id='word_1_196' title='bbox 622 2206 724 2281; x_wconf 87' lang='lat' dir='ltr'><strong>ethic,</strong></span> <span class='ocrx_word' id='word_1_197' title='bbox 746 2223 813 2268; x_wconf 90' lang='lat' dir='ltr'><strong>eum</strong></span> <span class='ocrx_word' id='word_1_198' title='bbox 828 2207 954 2268; x_wconf 91' lang='lat' dir='ltr'><strong>multum</strong></span> <span class='ocrx_word' id='word_1_199' title='bbox 971 2208 1060 2266; x_wconf 90' lang='lat' dir='ltr'><strong>latra-</strong></span> 
     </span>
     <span class='ocr_line' id='line_1_25' title="bbox 82 2289 1094 2367; baseline 0.002 -15"><span class='ocrx_word' id='word_1_200' title='bbox 82 2292 136 2365; x_wconf 87' lang='lat' dir='ltr'><strong>vit,</strong></span> <span class='ocrx_word' id='word_1_201' title='bbox 162 2291 284 2352; x_wconf 89' lang='lat' dir='ltr'><strong>obiecto</strong></span> <span class='ocrx_word' id='word_1_202' title='bbox 310 2289 379 2352; x_wconf 90' lang='lat' dir='ltr'><strong>cibo</strong></span> <span class='ocrx_word' id='word_1_203' title='bbox 398 2289 594 2351; x_wconf 90' lang='lat' dir='ltr'><strong>mansuescit.</strong></span> <span class='ocrx_word' id='word_1_204' title='bbox 635 2291 759 2351; x_wconf 89' lang='lat' dir='ltr'><strong>Recede</strong></span> <span class='ocrx_word' id='word_1_205' title='bbox 786 2291 906 2367; x_wconf 85' lang='lat' dir='ltr'><strong>longius</strong></span> <span class='ocrx_word' id='word_1_206' title='bbox 933 2297 963 2351; x_wconf 88' lang='lat' dir='ltr'><strong>et</strong></span> <span class='ocrx_word' id='word_1_207' title='bbox 984 2289 1094 2354; x_wconf 72' lang='lat' dir='ltr'><strong>ridet</strong></span> 
     </span>
     <span class='ocr_line' id='line_1_26' title="bbox 83 2373 1062 2450; baseline -0.003 -15"><span class='ocrx_word' id='word_1_208' title='bbox 83 2389 167 2437; x_wconf 88' lang='lat' dir='ltr'><strong>nunc</strong></span> <span class='ocrx_word' id='word_1_209' title='bbox 179 2375 377 2450; x_wconf 86' lang='lat' dir='ltr'><strong>istealiqucm</strong></span> <span class='ocrx_word' id='word_1_210' title='bbox 391 2380 527 2448; x_wconf 82' lang='lat' dir='ltr'><strong>seputat,</strong></span> <span class='ocrx_word' id='word_1_211' title='bbox 540 2374 624 2448; x_wconf 88' lang='lat' dir='ltr'><strong>quod</strong></span> <span class='ocrx_word' id='word_1_212' title='bbox 632 2375 766 2434; x_wconf 90' lang='lat' dir='ltr'><strong>custodit</strong></span> <span class='ocrx_word' id='word_1_213' title='bbox 779 2375 960 2450; x_wconf 84' lang='lat' dir='ltr'><strong>litigatorum</strong></span> <span class='ocrx_word' id='word_1_214' title='bbox 972 2373 1062 2433; x_wconf 90' lang='lat' dir='ltr'><strong>turba</strong></span> 
     </span>
     <span class='ocr_line' id='line_1_27' title="bbox 83 2456 1061 2531; baseline -0.005 -13"><span class='ocrx_word' id='word_1_215' title='bbox 83 2460 177 2520; x_wconf 92' lang='lat' dir='ltr'><strong>limen</strong></span> <span class='ocrx_word' id='word_1_216' title='bbox 193 2458 369 2518; x_wconf 90' lang='lat' dir='ltr'><strong>obsessum.</strong></span> <span class='ocrx_word' id='word_1_217' title='bbox 397 2473 477 2517; x_wconf 92' lang='lat' dir='ltr'><strong>nune</strong></span> <span class='ocrx_word' id='word_1_218' title='bbox 492 2457 542 2516; x_wconf 92' lang='lat' dir='ltr'><strong>ille</strong></span> <span class='ocrx_word' id='word_1_219' title='bbox 563 2456 615 2531; x_wconf 86' lang='lat' dir='ltr'><strong>qui</strong></span> <span class='ocrx_word' id='word_1_220' title='bbox 631 2457 709 2518; x_wconf 89' lang='lat' dir='ltr'><strong>intra</strong></span> <span class='ocrx_word' id='word_1_221' title='bbox 722 2457 809 2528; x_wconf 89' lang='lat' dir='ltr'><strong>iacet,</strong></span> <span class='ocrx_word' id='word_1_222' title='bbox 835 2459 907 2517; x_wconf 80' lang='lat' dir='ltr'><strong>felix</strong></span> <span class='ocrx_word' id='word_1_223' title='bbox 926 2457 1061 2516; x_wconf 78' lang='lat' dir='ltr'><strong>fortuna-</strong></span> 
     </span>
     <span class='ocr_line' id='line_1_28' title="bbox 84 2539 1062 2617; baseline -0.004 -15"><span class='ocrx_word' id='word_1_224' title='bbox 84 2549 199 2617; x_wconf 92' lang='lat' dir='ltr'><strong>tusque</strong></span> <span class='ocrx_word' id='word_1_225' title='bbox 214 2548 262 2602; x_wconf 89' lang='lat' dir='ltr'><strong>est</strong></span> <span class='ocrx_word' id='word_1_226' title='bbox 281 2548 311 2600; x_wconf 90' lang='lat' dir='ltr'><strong>et</strong></span> <span class='ocrx_word' id='word_1_227' title='bbox 323 2541 405 2602; x_wconf 88' lang='lat' dir='ltr'><strong>beati</strong></span> <span class='ocrx_word' id='word_1_228' title='bbox 421 2540 552 2602; x_wconf 88' lang='lat' dir='ltr'><strong>hominis</strong></span> <span class='ocrx_word' id='word_1_229' title='bbox 573 2540 686 2602; x_wconf 88' lang='lat' dir='ltr'><strong>iudicat</strong></span> <span class='ocrx_word' id='word_1_230' title='bbox 705 2557 742 2600; x_wconf 90' lang='lat' dir='ltr'><strong>ac</strong></span> <span class='ocrx_word' id='word_1_231' title='bbox 763 2541 895 2614; x_wconf 85' lang='lat' dir='ltr'><strong>potentis</strong></span> <span class='ocrx_word' id='word_1_232' title='bbox 915 2539 1062 2600; x_wconf 90' lang='lat' dir='ltr'><strong>indicium</strong></span> 
     </span>
     <span class='ocr_line' id='line_1_29' title="bbox 83 2624 1062 2686; baseline -0.004 0"><span class='ocrx_word' id='word_1_233' title='bbox 83 2624 244 2686; x_wconf 84' lang='lat' dir='ltr'><strong>difficilem</strong></span> <span class='ocrx_word' id='word_1_234' title='bbox 258 2625 389 2686; x_wconf 92' lang='lat' dir='ltr'><strong>ianuam.</strong></span> <span class='ocrx_word' id='word_1_235' title='bbox 416 2625 513 2685; x_wconf 87' lang='lat' dir='ltr'><strong>nescit</strong></span> <span class='ocrx_word' id='word_1_236' title='bbox 528 2625 725 2686; x_wconf 88' lang='lat' dir='ltr'><strong>durissimum</strong></span> <span class='ocrx_word' id='word_1_237' title='bbox 745 2639 817 2684; x_wconf 91' lang='lat' dir='ltr'><strong>esse</strong></span> <span class='ocrx_word' id='word_1_238' title='bbox 831 2624 943 2684; x_wconf 91' lang='lat' dir='ltr'><strong>ostium</strong></span> <span class='ocrx_word' id='word_1_239' title='bbox 958 2636 1062 2682; x_wconf 90' lang='lat' dir='ltr'><strong>carce·</strong></span> 
     </span>
     <span class='ocr_line' id='line_1_30' title="bbox 83 2706 1061 2783; baseline -0.002 -15"><span class='ocrx_word' id='word_1_240' title='bbox 83 2709 139 2770; x_wconf 92' lang='lat' dir='ltr'><strong>ris.</strong></span> <span class='ocrx_word' id='word_1_241' title='bbox 181 2708 347 2769; x_wconf 82' lang='lat' dir='ltr'><strong>Praesume</strong></span> <span class='ocrx_word' id='word_1_242' title='bbox 361 2708 462 2768; x_wconf 90' lang='lat' dir='ltr'><strong>animo</strong></span> <span class='ocrx_word' id='word_1_243' title='bbox 472 2709 565 2769; x_wconf 86' lang='lat' dir='ltr'><strong>multa</strong></span> <span class='ocrx_word' id='word_1_244' title='bbox 579 2708 631 2768; x_wconf 89' lang='lat' dir='ltr'><strong>tibi</strong></span> <span class='ocrx_word' id='word_1_245' title='bbox 648 2724 719 2770; x_wconf 90' lang='lat' dir='ltr'><strong>esse</strong></span> <span class='ocrx_word' id='word_1_246' title='bbox 734 2707 886 2783; x_wconf 89' lang='lat' dir='ltr'><strong>patienda.</strong></span> <span class='ocrx_word' id='word_1_247' title='bbox 917 2706 1061 2780; x_wconf 92' lang='lat' dir='ltr'><strong>numquis</strong></span> 
     </span>
     <span class='ocr_line' id='line_1_31' title="bbox 83 2791 1061 2867; baseline -0.004 -14"><span class='ocrx_word' id='word_1_248' title='bbox 83 2807 121 2853; x_wconf 87' lang='lat' dir='ltr'><strong>se</strong></span> <span class='ocrx_word' id='word_1_249' title='bbox 136 2791 238 2852; x_wconf 90' lang='lat' dir='ltr'><strong>hieme</strong></span> <span class='ocrx_word' id='word_1_250' title='bbox 259 2794 362 2867; x_wconf 80' lang='lat' dir='ltr'><strong>algere</strong></span> <span class='ocrx_word' id='word_1_251' title='bbox 379 2791 524 2852; x_wconf 77' lang='lat' dir='ltr'><strong>miraturi</strong></span> <span class='ocrx_word' id='word_1_252' title='bbox 551 2791 694 2867; x_wconf 88' lang='lat' dir='ltr'><strong>numquis</strong></span> <span class='ocrx_word' id='word_1_253' title='bbox 714 2792 744 2851; x_wconf 92' lang='lat' dir='ltr'><strong>iu</strong></span> <span class='ocrx_word' id='word_1_254' title='bbox 764 2791 839 2852; x_wconf 87' lang='lat' dir='ltr'><strong>mari</strong></span> <span class='ocrx_word' id='word_1_255' title='bbox 857 2791 1009 2864; x_wconf 75' lang='lat' dir='ltr'><strong>nausiam,</strong></span> <span class='ocrx_word' id='word_1_256' title='bbox 1029 2791 1061 2849; x_wconf 89' lang='lat' dir='ltr'><strong>in</strong></span> 
     </span>
     <span class='ocr_line' id='line_1_32' title="bbox 83 2871 1095 2952; baseline -0.005 -17"><span class='ocrx_word' id='word_1_257' title='bbox 83 2876 138 2936; x_wconf 91' lang='lat' dir='ltr'><strong>via</strong></span> <span class='ocrx_word' id='word_1_258' title='bbox 152 2875 296 2936; x_wconf 84' lang='lat' dir='ltr'><strong>concutit</strong></span> <span class='ocrx_word' id='word_1_259' title='bbox 317 2876 403 2937; x_wconf 85' lang='lat' dir='ltr'><strong>tortis</strong></span> <span class='ocrx_word' id='word_1_260' title='bbox 418 2883 466 2936; x_wconf 92' lang='lat' dir='ltr'><strong>est</strong></span> <span class='ocrx_word' id='word_1_261' title='bbox 479 2876 597 2936; x_wconf 88' lang='lat' dir='ltr'><strong>animus</strong></span> <span class='ocrx_word' id='word_1_262' title='bbox 609 2877 649 2936; x_wconf 93' lang='lat' dir='ltr'><strong>ad</strong></span> <span class='ocrx_word' id='word_1_263' title='bbox 661 2891 741 2951; x_wconf 91' lang='lat' dir='ltr'><strong>quae</strong></span> <span class='ocrx_word' id='word_1_264' title='bbox 756 2883 955 2952; x_wconf 82' lang='lat' dir='ltr'><strong>praeparatus</strong></span> <span class='ocrx_word' id='word_1_265' title='bbox 969 2871 1062 2936; x_wconf 89' lang='lat' dir='ltr'><strong>venit.</strong></span> <span class='ocrx_word' id='word_1_266' title='bbox 1077 2875 1095 2930; x_wconf 79' lang='lat' dir='ltr'><strong>t</strong></span> 
     </span>
     <span class='ocr_line' id='line_1_33' title="bbox 82 2958 1063 3036; baseline -0.001 -17"><span class='ocrx_word' id='word_1_267' title='bbox 82 2959 188 3020; x_wconf 82' lang='lat' dir='ltr'><strong>Minus</strong></span> <span class='ocrx_word' id='word_1_268' title='bbox 203 2959 355 3021; x_wconf 89' lang='lat' dir='ltr'><strong>honorato</strong></span> <span class='ocrx_word' id='word_1_269' title='bbox 375 2961 445 3021; x_wconf 90' lang='lat' dir='ltr'><strong>loco</strong></span> <span class='ocrx_word' id='word_1_270' title='bbox 461 2961 580 3035; x_wconf 85' lang='lat' dir='ltr'><strong>positus</strong></span> <span class='ocrx_word' id='word_1_271' title='bbox 601 2958 692 3020; x_wconf 88' lang='lat' dir='ltr'><strong>irasci</strong></span> <span class='ocrx_word' id='word_1_272' title='bbox 714 2959 844 3036; x_wconf 87' lang='lat' dir='ltr'><strong>coepisti</strong></span> <span class='ocrx_word' id='word_1_273' title='bbox 864 2959 1063 3034; x_wconf 89' lang='lat' dir='ltr'><strong>convivatori,</strong></span> 
     </span>
     <span class='ocr_line' id='line_1_34' title="bbox 83 3042 1065 3120; baseline -0.002 -16"><span class='ocrx_word' id='word_1_274' title='bbox 83 3043 236 3116; x_wconf 87' lang='lat' dir='ltr'><strong>vocaturi,</strong></span> <span class='ocrx_word' id='word_1_275' title='bbox 256 3045 317 3119; x_wconf 86' lang='lat' dir='ltr'><strong>ipsi</strong></span> <span class='ocrx_word' id='word_1_276' title='bbox 333 3044 385 3119; x_wconf 90' lang='lat' dir='ltr'><strong>qui</strong></span> <span class='ocrx_word' id='word_1_277' title='bbox 397 3042 452 3105; x_wconf 89' lang='lat' dir='ltr'><strong>tibi</strong></span> <span class='ocrx_word' id='word_1_278' title='bbox 466 3043 709 3120; x_wconf 79' lang='lat' dir='ltr'><strong>praeferebatur:</strong></span> <span class='ocrx_word' id='word_1_279' title='bbox 730 3045 866 3117; x_wconf 88' lang='lat' dir='ltr'><strong>demens,</strong></span> <span class='ocrx_word' id='word_1_280' title='bbox 883 3043 956 3120; x_wconf 86' lang='lat' dir='ltr'><strong>quid</strong></span> <span class='ocrx_word' id='word_1_281' title='bbox 972 3043 1065 3104; x_wconf 89' lang='lat' dir='ltr'><strong>inter·</strong></span> 
     </span>
     <span class='ocr_line' id='line_1_35' title="bbox 84 3127 1063 3205; baseline 0 -19"><span class='ocrx_word' id='word_1_282' title='bbox 84 3133 149 3199; x_wconf 89' lang='lat' dir='ltr'><strong>est,</strong></span> <span class='ocrx_word' id='word_1_283' title='bbox 172 3143 266 3204; x_wconf 87' lang='lat' dir='ltr'><strong>quam</strong></span> <span class='ocrx_word' id='word_1_284' title='bbox 281 3127 350 3188; x_wconf 90' lang='lat' dir='ltr'><strong>lecti</strong></span> <span class='ocrx_word' id='word_1_285' title='bbox 370 3144 492 3203; x_wconf 87' lang='lat' dir='ltr'><strong>premas</strong></span> <span class='ocrx_word' id='word_1_286' title='bbox 507 3135 646 3205; x_wconf 84' lang='lat' dir='ltr'><strong>partemt</strong></span> <span class='ocrx_word' id='word_1_287' title='bbox 670 3129 876 3192; x_wconf 85' lang='lat' dir='ltr'><strong>honestiorem</strong></span> <span class='ocrx_word' id='word_1_288' title='bbox 893 3135 922 3188; x_wconf 85' lang='lat' dir='ltr'><strong>te</strong></span> <span class='ocrx_word' id='word_1_289' title='bbox 937 3135 989 3188; x_wconf 84' lang='lat' dir='ltr'><strong>aut</strong></span> <span class='ocrx_word' id='word_1_290' title='bbox 1001 3133 1063 3187; x_wconf 91' lang='lat' dir='ltr'><strong>tur·</strong></span> 
     </span>
     <span class='ocr_line' id='line_1_36' title="bbox 84 3210 1095 3288; baseline 0 -20"><span class='ocrx_word' id='word_1_291' title='bbox 84 3210 208 3285; x_wconf 87' lang='lat' dir='ltr'><strong>piorem</strong></span> <span class='ocrx_word' id='word_1_292' title='bbox 229 3218 333 3288; x_wconf 89' lang='lat' dir='ltr'><strong>potest</strong></span> <span class='ocrx_word' id='word_1_293' title='bbox 352 3212 453 3272; x_wconf 89' lang='lat' dir='ltr'><strong>lacere</strong></span> <span class='ocrx_word' id='word_1_294' title='bbox 474 3213 641 3288; x_wconf 85' lang='lat' dir='ltr'><strong>pulvinust</strong></span> <span class='ocrx_word' id='word_1_295' title='bbox 683 3213 749 3272; x_wconf 87' lang='lat' dir='ltr'><strong>Non</strong></span> <span class='ocrx_word' id='word_1_296' title='bbox 770 3212 878 3287; x_wconf 86' lang='lat' dir='ltr'><strong>aequis</strong></span> <span class='ocrx_word' id='word_1_297' title='bbox 900 3211 1095 3286; x_wconf 84' lang='lat' dir='ltr'><strong>quemdams</strong></span> 
     </span>
     <span class='ocr_line' id='line_1_37' title="bbox 84 3291 1061 3370; baseline -0.002 -16"><span class='ocrx_word' id='word_1_298' title='bbox 84 3291 188 3354; x_wconf 91' lang='lat' dir='ltr'><strong>oeulis</strong></span> <span class='ocrx_word' id='word_1_299' title='bbox 202 3293 317 3370; x_wconf 66' lang='lat' dir='ltr'><strong>uidisti,</strong></span> <span class='ocrx_word' id='word_1_300' title='bbox 338 3295 409 3370; x_wconf 89' lang='lat' dir='ltr'><strong>quia</strong></span> <span class='ocrx_word' id='word_1_301' title='bbox 424 3297 463 3356; x_wconf 93' lang='lat' dir='ltr'><strong>de</strong></span> <span class='ocrx_word' id='word_1_302' title='bbox 477 3296 599 3370; x_wconf 86' lang='lat' dir='ltr'><strong>ingenio</strong></span> <span class='ocrx_word' id='word_1_303' title='bbox 614 3302 666 3356; x_wconf 89' lang='lat' dir='ltr'><strong>tuo</strong></span> <span class='ocrx_word' id='word_1_304' title='bbox 682 3295 761 3356; x_wconf 89' lang='lat' dir='ltr'><strong>male</strong></span> <span class='ocrx_word' id='word_1_305' title='bbox 781 3297 903 3356; x_wconf 91' lang='lat' dir='ltr'><strong>locutus</strong></span> <span class='ocrx_word' id='word_1_306' title='bbox 924 3301 985 3354; x_wconf 75' lang='lat' dir='ltr'><strong>est:</strong></span> <span class='ocrx_word' id='word_1_307' title='bbox 1014 3309 1061 3352; x_wconf 92' lang='lat' dir='ltr'><strong>re-</strong></span> 
     </span>
     <span class='ocr_line' id='line_1_38' title="bbox 84 3375 1061 3454; baseline -0.002 -18"><span class='ocrx_word' id='word_1_308' title='bbox 84 3377 167 3452; x_wconf 88' lang='lat' dir='ltr'><strong>cipis</strong></span> <span class='ocrx_word' id='word_1_309' title='bbox 188 3377 269 3440; x_wconf 89' lang='lat' dir='ltr'><strong>hauc</strong></span> <span class='ocrx_word' id='word_1_310' title='bbox 289 3379 409 3454; x_wconf 87' lang='lat' dir='ltr'><strong>legemt</strong></span> <span class='ocrx_word' id='word_1_311' title='bbox 435 3394 509 3454; x_wconf 86' lang='lat' dir='ltr'><strong>ergo</strong></span> <span class='ocrx_word' id='word_1_312' title='bbox 529 3385 560 3438; x_wconf 89' lang='lat' dir='ltr'><strong>te</strong></span> <span class='ocrx_word' id='word_1_313' title='bbox 578 3379 704 3450; x_wconf 83' lang='lat' dir='ltr'><strong>Ennius,</strong></span> <span class='ocrx_word' id='word_1_314' title='bbox 728 3394 790 3453; x_wconf 91' lang='lat' dir='ltr'><strong>quo</strong></span> <span class='ocrx_word' id='word_1_315' title='bbox 811 3393 873 3438; x_wconf 90' lang='lat' dir='ltr'><strong>non</strong></span> <span class='ocrx_word' id='word_1_316' title='bbox 891 3375 1061 3446; x_wconf 89' lang='lat' dir='ltr'><strong>delectaris,</strong></span> 
     </span>
     <span class='ocr_line' id='line_1_39' title="bbox 84 3459 1066 3538; baseline -0.006 -17"><span class='ocrx_word' id='word_1_317' title='bbox 84 3459 218 3538; x_wconf 76' lang='lat' dir='ltr'><strong>odisset</strong></span> <span class='ocrx_word' id='word_1_318' title='bbox 232 3469 263 3524; x_wconf 90' lang='lat' dir='ltr'><strong>ct</strong></span> <span class='ocrx_word' id='word_1_319' title='bbox 275 3462 456 3526; x_wconf 84' lang='lat' dir='ltr'><strong>Hortensius</strong></span> <span class='ocrx_word' id='word_1_320' title='bbox 472 3461 640 3523; x_wconf 77' lang='lat' dir='ltr'><strong>simultates</strong></span> <span class='ocrx_word' id='word_1_321' title='bbox 657 3461 710 3524; x_wconf 88' lang='lat' dir='ltr'><strong>tibi</strong></span> <span class='ocrx_word' id='word_1_322' title='bbox 724 3462 879 3534; x_wconf 86' lang='lat' dir='ltr'><strong>indiceret,</strong></span> <span class='ocrx_word' id='word_1_323' title='bbox 901 3466 931 3519; x_wconf 89' lang='lat' dir='ltr'><strong>et</strong></span> <span class='ocrx_word' id='word_1_324' title='bbox 945 3459 1066 3528; x_wconf 66' lang='lat' dir='ltr'><strong>cicero,</strong></span> 
     </span>
    </p>
   </div>
   <div class='ocr_carea' id='block_1_3' title="bbox 0 0 1270 3906">
    <p class='ocr_par' dir='ltr' id='par_1_4' title="bbox 0 0 1270 3906">
     <span class='ocr_line' id='line_1_40' title="bbox 0 0 1270 3906; baseline 0 0"><span class='ocrx_word' id='word_1_325' title='bbox 0 0 1270 3906; x_wconf 95' lang='lat' dir='ltr'><strong> </strong></span> 
     </span>
    </p>
   </div>
  </div>
 </body>
</html>
