2522 3906
207 269 248 330 ac
290 223 398 326 ‘urna
415 267 451 326 11.
480 264 532 323 ,ln
550 262 733 324 sensuum
746 261 820 320 nuc
834 261 1013 321 turdarum
1028 259 1103 322 nuc

209 415 301 492 pienti
317 415 439 474 libertas
454 412 618 496 quaeritur.
655 427 715 471 non
737 417 769 470 ut
788 411 877 470 vobis
900 411 999 469 lacere
1015 427 1075 471 non
1098 408 1194 471 liceat

208 500 362 570 iniurium,
384 497 519 571 agimus',
541 495 598 556 sed
613 501 644 555 ut
658 495 707 554 ille
723 510 829 554 omnes
845 493 972 554 iniurias
987 493 1016 552 in
1033 495 1126 554 altum
1143 495 1191 553 di·
1221 540 1224 546 .

209 584 303 643 mittat
333 581 539 656 patientiaque
565 593 599 638 se
624 593 660 636 ac
684 577 892 652 magnitudine
917 577 1009 636 animi
1031 578 1190 637 defendat.

181 667 259 726 bSic
273 665 303 725 in
320 664 532 724 certaminibus
548 661 646 722 sacris
662 660 800 736 plerique
815 662 966 735 vicerunt,
994 659 1191 722 caedentium
1250 699 1251 740 3

209 767 317 810 manus
334 748 484 808 obstinata
499 745 643 820 patientia
657 744 826 819 fatigando:
850 761 889 803 ex
910 744 969 804 hoc
985 753 1057 818 puta
1072 759 1191 819 genere

209 835 377 908 sapientem
402 846 521 901 eorum,
550 829 602 902 qui
627 827 843 888 exercitatione
862 829 954 903 longa
977 843 1013 886 ae
1034 827 1116 888 lidoli
1138 845 1190 888 ro-

208 918 266 976 bur
277 913 471 990 perpetiendi
486 911 684 984 lassandique
700 927 820 972 omnem
835 911 986 971 inimicam
1003 911 1063 970 vim
1077 926 1190 971 conse-

161 1039 163 1046 .
210 1000 364 1060 cutisunt.

181 1106 196 1156 1
268 1083 304 1142 X.
339 1080 520 1154 Quoniam
546 1077 717 1154 priorem
739 1083 884 1152 partem
905 1078 1190 1152 percurrimus,

210 1168 255 1226 ad
281 1166 441 1224 alteram
466 1170 727 1232 transcamus,
756 1177 828 1234 qua
847 1161 1077 1236 quibusdam
1099 1177 1190 1236 pro-

209 1249 323 1324 priis,
356 1246 557 1322 plerisque
579 1262 673 1305 vero
699 1244 963 1305 communibus
989 1251 1191 1305 contume-

209 1335 297 1392 liam
311 1329 579 1390 refutabimus.
602 1328 657 1389 Est
671 1328 768 1387 minor
782 1326 900 1402 iniuria,
916 1344 1007 1402 quam
1023 1329 1108 1403 queri
1124 1345 1191 1387 ma-

209 1416 256 1491 gis
273 1432 363 1490 quam
378 1413 507 1487 exsequi
523 1412 687 1488 possimus,
707 1428 797 1484 quam
809 1411 893 1485 leges
909 1427 1032 1487 quoque
1048 1412 1129 1471 nulla
1144 1413 1190 1471 di·
1252 1433 1253 1474 3

180 1497 639 1577 2gnamvindictaputaverunt.
661 1496 749 1554 Hunc
762 1495 914 1554 adlectum
926 1495 1190 1556 movethumilitas

210 1583 300 1642 animi
312 1579 516 1641 contrahentis
530 1594 564 1638 se
577 1579 616 1638 ob
628 1579 739 1638 lactum
752 1579 927 1653 dictumque
938 1577 1190 1638 inhonorificum:

209 1667 279 1741 „ille
293 1679 341 1723 me
357 1660 448 1722 hodie
463 1677 524 1721 non
539 1661 668 1734 admisit,
680 1677 747 1722 cum
764 1661 840 1721 alios
856 1662 1035 1723 admitteret.
1071 1677 1190 1723 sermo·

210 1765 278 1807 nem
293 1763 394 1806 meum
409 1752 461 1804 aut
481 1745 614 1820 superbe
629 1752 790 1804 aversatus
806 1753 853 1804 est
866 1754 917 1805 aut
933 1746 1032 1820 palam
1046 1745 1121 1805 risit.
1159 1753 1192 1804 et

210 1832 315 1892 nonin
331 1828 431 1888 medio
454 1844 502 1887 me
522 1829 616 1901 lecto,
638 1829 694 1888 sed
716 1829 745 1886 in
767 1829 827 1888 imo
851 1829 1042 1889 collocavit.“
1078 1837 1108 1889 et
1129 1831 1191 1888 alia

209 1917 300 1975 huius
322 1921 426 1984 notae,
455 1927 534 1988 quae
555 1911 628 1986 quid
648 1928 756 1972 vocem
778 1911 836 1972 nisi
859 1914 998 1987 querelas
1019 1911 1190 1973 nausiantis

211 2000 321 2059 animi?
342 1993 371 2056 in
388 2011 466 2070 quae
484 1997 545 2054 lere
562 1995 681 2055 delicati
697 2002 727 2055 et
738 1996 842 2056 felices
858 1997 1002 2056 incidunt.
1023 2013 1084 2058 non
1099 2004 1192 2055 vacat

182 2083 290 2156 3enim
305 2081 381 2140 haec
396 2086 502 2138 notare
517 2080 565 2138 cui
581 2079 686 2152 peiora
707 2079 829 2138 instant.
865 2079 961 2140 Nimio
984 2081 1045 2140 otio
1066 2080 1192 2154 ingenia

211 2172 319 2224 natura
334 2163 452 2222 infirma
466 2169 496 2221 et
511 2160 668 2222 muliebria
683 2170 713 2222 et
733 2163 837 2237 inopia
852 2178 942 2223 verae
957 2164 1083 2224 iniuriae
1097 2164 1190 2222 lasei-

210 2248 320 2307 vientia
337 2246 385 2306 his
402 2253 644 2318 commoventur,
671 2262 798 2320 quarum
814 2262 885 2320 pars
900 2246 997 2307 maior
1011 2253 1130 2308 constat
1146 2248 1190 2305 vi-

210 2331 251 2390 tio
268 2328 501 2405 interpretantis.
539 2329 642 2405 itaque
662 2345 719 2389 nec
734 2330 914 2405 prudentiae
930 2331 1092 2406 quicquam
1107 2329 1138 2388 in
1154 2345 1190 2388 se

211 2429 283 2474 esse
305 2429 361 2473 nec
382 2413 514 2472 fiduciae
529 2413 662 2473 ostendit
677 2413 728 2488 qui
745 2413 926 2473 contumelia
940 2414 1089 2473 adficitur.
1126 2430 1188 2474 non

211 2497 302 2564 dubie
325 2497 403 2556 euim
425 2503 629 2570 contemptum
650 2512 685 2554 se
705 2495 833 2570 iudicat,
862 2503 892 2555 et
914 2495 963 2557 hic
984 2513 1104 2557 morsus
1126 2514 1190 2556 non

211 2583 278 2642 sine
304 2581 437 2656 quadarn
457 2578 622 2640 humilitate
644 2580 735 2640 animi
748 2581 849 2639 euenit
867 2579 1084 2654 supprimentis
1100 2596 1135 2639 se
1151 2596 1190 2640 ac

211 2661 439 2724 descendentis:
455 2663 580 2738 sapiens
595 2671 695 2723 autern
711 2681 728 2722 a
743 2664 824 2723 nullo
842 2665 1049 2723 contemnitur.
1073 2663 1190 2737 magni-

210 2749 344 2808 tudinem
360 2761 447 2805 suam
461 2745 546 2806 novit
566 2747 701 2822 nullique
715 2754 830 2807 tantum
851 2747 889 2805 de
909 2762 943 2805 se
964 2747 1056 2806 licere
1073 2747 1192 2806 nuntiat

212 2831 269 2890 sibi
285 2837 315 2888 et
330 2829 428 2889 omnis
443 2828 509 2902 hae,
531 2846 608 2904 quas
624 2847 684 2891 non
700 2831 837 2890 miserias
853 2830 1029 2902 animorum,
1052 2830 1109 2890 sed
1124 2845 1190 2889 mo-

182 2914 315 2986 4lestias
339 2912 483 2986 dixerim,
506 2929 567 2974 non
584 2914 693 2988 vincit,
714 2915 824 2974 sedne
845 2914 937 2973 sentit
951 2913 1083 2989 quidem.
1119 2913 1192 2972 Alia

212 3003 283 3056 sunt
299 3012 378 3070 quae
393 2995 561 3070 sapientem
578 2997 700 3069 leriunt,
719 2997 925 3057 etiamsinon
940 3003 1134 3073 pervertunt,
1157 3005 1192 3057 ut

212 3080 300 3139 dolor
318 3078 459 3154 corporis
480 3087 510 3140 et
530 3079 670 3140 debilitas
695 3089 747 3141 aut
771 3081 935 3141 amicorum
961 3079 1191 3154 liberorumque

212 3163 336 3222 amissio
359 3171 388 3224 et
410 3163 524 3237 patriae
545 3163 625 3222 bello
646 3162 803 3239 flagrantis
825 3165 992 3224 calamitas.
1028 3163 1105 3223 haec
1126 3180 1188 3224 non

211 3262 290 3320 nego
306 3248 417 3307 sentire
432 3246 609 3321 sapientem.
633 3264 690 3308 nec
704 3249 783 3307 enim
798 3247 909 3322 lapidis
923 3249 964 3307 illi
980 3247 1118 3308 duritiam
1132 3248 1186 3307 ler-

210 3330 277 3393 rive
298 3329 479 3389 adserimus.
516 3332 598 3388 nulla
618 3330 713 3391 virtus
737 3338 798 3401 est,
826 3347 905 3406 quae
921 3347 981 3391 non
997 3333 1107 3392 sentiat
1120 3345 1187 3406 per·

212 3414 284 3489 peti.
313 3411 391 3486 Quid
407 3427 479 3485 ergo
496 3419 563 3471 esti
584 3415 734 3488 quosdam
750 3415 828 3473 ictus
843 3415 959 3490 recipit,
975 3415 1031 3474 sed
1045 3423 1190 3490 receptos

212 3497 322 3556 evincit
336 3502 365 3555 et
382 3501 470 3554 sanat
484 3502 514 3554 et
529 3495 696 3570 conprimit.
736 3497 812 3555 lraec
827 3513 899 3556 vero
914 3497 1032 3558 minora
1047 3513 1086 3557 ne
1100 3497 1192 3558 sentit
