2546 3890
201 190 267 254 280
490 188 522 246 l..
545 187 691 247 ANNAEI
714 186 889 248 SENECAE

202 339 353 412 oimus**]
371 340 583 400 subsiluimus=
606 339 652 398 sic
668 339 744 398 haec
759 339 898 399 inmensa
912 341 1072 401 multitudo
1089 342 1190 402 unius

204 426 323 486 animae
336 423 522 483 circumdata
536 423 616 482 illius
631 420 740 498 spiritu
751 421 881 497 regitur,
901 423 981 483 illius
994 425 1113 484 ratione
1125 423 1184 484 sse·
1255 475 1256 500 ,

204 509 294 570 ctitur
316 522 461 582 pressura
483 522 518 565 se
538 521 574 565 ac
594 507 725 565 lractura
738 505 856 565 viribus
871 507 951 581 suis,
974 506 1033 566 nisi
1048 509 1189 568 consilio·
1255 519 1256 532 ¹

204 592 413 652 sustineretur.
693 637 695 650 .

173 687 192 738 1
267 675 319 733 lv.
343 673 435 734 Suam
450 673 553 748 itaque
569 671 804 732 incolumitatem
819 681 934 746 amant,
956 689 1025 735 cum
1043 689 1100 749 pro
1115 691 1189 735 uno
1255 705 1256 716 .

204 757 328 820 homine
351 758 448 816 denas
469 755 607 830 legiones
629 757 658 814 ln
682 755 962 830 aciem-deducunt,
986 773 1056 817 cum
1071 759 1101 816 in
1117 759 1183 832 pri-

203 859 284 902 mam
306 843 434 900 lrontem
455 847 637 914 procurrunt
657 845 687 898 ει
707 838 839 898 adversa
857 841 1035 902 volneribus
1051 847 1187 918 pectora
1255 897 1256 916 ,

178 929 179 933 ’
205 927 319 996 lerunt,
338 939 377 982 ne
392 923 583 997 imperatoris
595 921 642 982 sui
653 923 741 996 signa
752 929 915 984 vertantur.
948 925 1062 985 llleest
1074 925 1183 1000 [enim]

204 1009 374 1080 vinculum,
399 1021 453 1081 per
469 1007 553 1080 quod
567 1006 741 1079 respublica
758 1005 915 1080 cohaeret,
934 1008 984 1066 ille
996 1007 1125 1082 spiritus
1138 1009 1182 1068 vi-

205 1093 288 1164 talis,
310 1107 401 1165 quem
421 1090 497 1149 haec
518 1096 561 1149 tot
582 1090 663 1149 milia
682 1089 818 1160 trahunt,
840 1091 996 1165 nihil'ipsa
1010 1106 1068 1168 vper
1083 1109 1120 1152 se
1136 1093 1187 1152 lu·
1255 1149 1256 1164 ,

206 1184 273 1236 tura
286 1176 345 1234 nisi
360 1191 438 1234 onus
454 1181 488 1232 et
499 1174 625 1248 praeda,
640 1173 667 1232 si
683 1187 768 1232 mens
781 1171 831 1232 illa
843 1173 960 1248 imperii
973 1175 1186 1236 subtrahatur.

170 1267 189 1319 2
405 1257 488 1331 Repe
502 1260 640 1318 incolumi
653 1273 734 1317 mens
748 1258 880 1318 omnibus
895 1275 974 1317 una:

288 1344 394 1402 omaso
407 1357 518 1416 rupere
528 1342 627 1414 tidem.

203 1425 260 1486 llic
276 1442 368 1484 casus
383 1426 539 1484 Romanae
554 1424 641 1498 pacis
657 1423 780 1484 exitium
793 1425 863 1498 erit,
879 1423 928 1484 hic
941 1425 1012 1486 tanti
1025 1426 1188 1486 fortunam

205 1510 312 1585 populi
333 1508 362 1567 in
378 1508 482 1568 ruinas
500 1516 577 1582 aget.
604 1508 720 1568 tamdiu
734 1508 772 1566 ab
788 1506 847 1568 isto
864 1509 1000 1583 periculo
1015 1508 1116 1568 aberit
1131 1511 1188 1569 hic

205 1593 353 1668 populus,
382 1589 527 1665 quamdiu
547 1589 624 1650 sciet
646 1593 726 1650 lerre
749 1591 867 1666 irenos,
899 1591 1027 1667 quossi
1051 1595 1187 1667 quando

204 1676 359 1748 abruperit
380 1677 427 1734 vel
449 1675 552 1748 aliquo
574 1690 650 1736 casu
670 1676 831 1735 discussos
851 1676 960 1750 reponi
982 1675 1041 1734 sibi
1062 1693 1184 1750 passus
1255 1685 1256 1732 t

203 1775 265 1819 non
288 1759 357 1830 erit,
379 1758 456 1817 haec
476 1758 577 1817 unitas
593 1766 622 1818 et
636 1757 685 1818 hic
700 1759 822 1818 maximi
836 1758 954 1833 imperii
970 1766 1135 1820 contextus
1150 1761 1181 1819 in
1255 1749 1256 1800 l

204 1849 306 1917 partes
321 1843 431 1902 multas
443 1842 586 1915 dissiliet,
601 1843 744 1916 idemque
755 1841 826 1902 huic
838 1841 906 1902 urbi
919 1842 1097 1902 dominandi
1107 1844 1185 1903 finis

170 1928 273 2000 ecrit,
288 1924 341 2000 qui
357 1925 484 2000 parendi
501 1925 598 1986 luerit.
633 1925 707 1984 ideo
720 1925 874 2000 principes
890 1937 1043 2000 regesque
1055 1936 1086 1986 et
1101 1944 1179 2002 quo·
1255 1979 1256 1986 ,

204 2024 335 2083 cumque
356 2009 415 2068 alio
435 2009 557 2068 nomine
578 2015 649 2068 sunt
668 2015 783 2069 tutores
805 2017 901 2070 status
924 2008 1037 2083 publici
1052 2027 1114 2068 non
1131 2018 1182 2070 εει
1255 2051 1256 2060 ι

203 2095 310 2152 mirum
327 2091 421 2151 amari
435 2095 512 2151 ultra
529 2091 663 2166 privatas
679 2093 767 2152 etiam
786 2092 1040 2153 necessitudines.
1063 2095 1182 2154 namsi
1255 2091 1256 2136 ἶ

203 2173 480 2234 senis-hominibus
503 2174 623 2248 publica
644 2177 769 2250 privatis
785 2177 905 2250 potiora
919 2183 1003 2249 sunt,
1027 2177 1184 2252 sequitur,
1255 2169 1256 2228 ἒ

202 2265 236 2318 ut
250 2259 276 2316 is
294 2273 418 2332 quoque
433 2259 533 2318 carior
546 2259 598 2331 sit,
621 2259 651 2317 in
668 2275 756 2333 quem
773 2276 807 2320 εε
822 2260 997 2334 respublica
1009 2261 1183 2321 convertite.
1255 2299 1256 2304 η

203 2341 275 2402 olim
297 2340 374 2400 enim
396 2341 437 2400 ita
452 2357 486 2400 se
501 2342 598 2401 induit
611 2343 798 2416 reipublicae
813 2341 940 2416 Caesar,
962 2343 1118 2403 ut‘scduci
1134 2346 1179 2402 al-

203 2433 300 2485 terum
314 2439 375 2482 non
392 2427 491 2500 possit
505 2427 571 2486 sine
585 2425 745 2501 utriusque
759 2427 903 2501 pernicie.
925 2442 995 2486 nam
1006 2433 1039 2487 ut
1050 2426 1092 2485 illi
1106 2427 1178 2486 viri·
1255 2445 1256 2456 ¹

202 2510 261 2569 bus
277 2525 357 2583 opus
372 2516 433 2578 εει,
456 2508 540 2569 itaet
555 2507 625 2569 huic
641 2509 749 2582 capite.
1048 2559 1049 2562 ,
1255 2505 1256 2508 ’

170 2601 187 2652 1
263 2593 302 2652 V.
324 2591 459 2666 Longius
471 2593 591 2652 videtur
601 2593 772 2653 recessisse
785 2610 804 2651 a
816 2595 974 2668 proposito
987 2595 1084 2654 oratio
1097 2609 1181 2669 mea,

169 2682 172 2688 ’
202 2682 233 2735 ει
255 2675 445 2735 mehercules
464 2691 528 2734 rem
549 2676 647 2750 ipsam
670 2677 786 2750 premit.
817 2693 888 2735 nam
909 2675 951 2751 si,
972 2677 1056 2752 quod
1074 2677 1182 2736 adhuc·

202 2757 367 2834 colligitur,
393 2767 426 2819 tu
446 2759 566 2818 animus
589 2759 776 2834 reipublicae
801 2767 872 2820 tuae
898 2775 951 2834 es,
984 2761 1035 2820 illa
1060 2776 1182 2835 corpus-

201 2850 301 2914 tuum,
325 2841 438 2926 vides,
458 2849 492 2902 ut
513 2851 602 2916 puto,
626 2857 716 2918 quam
739 2843 917 2902 necessaria
939 2845 1100 2903 clementia
1120 2844 1180 2904 site
1255 2841 1256 2848 ’

200 2925 255 2985 tibi
270 2926 350 2984 enim
364 2927 481 3000 parcis,
504 2941 571 2986 cum
589 2925 701 2984 videris
715 2927 800 2985 alteri
815 2942 953 3001 parcere.
984 2927 1180 2988 Parcendum

202 3007 1070 3086 itaqueestetiaminprobandiscivibusnonaliterquam
1081 3027 1175 3070 mem-

202 3092 266 3152 bris
282 3094 510 3168 languentibuS,
533 3099 563 3152 ει
578 3093 604 3152 si
620 3093 742 3168 quando
755 3094 850 3154 misso
863 3095 1013 3168 sangnine
1025 3109 1105 3168 opus
1119 3101 1175 3165 est,
1255 3133 1256 3136 ,

202 3173 383 3235 sustinenda
398 3183 444 3236 est
456 3179 601 3256 [manus]‚
616 3177 743 3236 neultra
756 3194 845 3252 qnam
858 3191 988 3237 necesse
1001 3177 1041 3236 sit
1051 3177 1176 3236 incidat.

172 3259 256 3318 2Est
275 3274 365 3332 ergo,
387 3267 418 3318 ut
432 3259 585 3332 dicebam,
607 3261 765 3320 clementia
780 3261 921 3321 omnibus
938 3261 1062 3336 quidem
1077 3259 1177 3320 lromi·

203 3342 293 3402 nibus
310 3344 476 3400 secundum
492 3351 643 3414 naturum,
658 3345 790 3403 maxime
805 3352 905 3404 tamen
918 3345 1032 3405 decora
1044 3345 1174 3418 impera-

204 3425 330 3498 toribus,
348 3431 461 3501 quanto
477 3427 546 3498 plus
561 3426 652 3485 habet
666 3428 748 3501 apud
759 3428 838 3503 illoS,
852 3428 937 3505 quod
949 3435 1060 3502 servet,
1077 3443 1175 3504 quan·
