2528 3906
146 209 149 218 ’
257 235 359 296 nino.
372 235 412 293 v.
440 233 491 294 nn
511 235 581 294 raa
601 234 674 294 cro.
696 234 746 294 111.
767 243 888 296 aa-aa
1022 232 1065 294 co

80 389 160 447 ronti
177 387 290 448 deindo
305 385 534 445 excusationem
548 384 664 445 obstitit
678 391 722 444 et=
744 385 881 458 „iruerc,
896 382 1009 460 inquit,
1023 385 1064 444 mi

12 535 13 546 ,
80 471 195 543 Pollio,
213 471 344 529 iruere.“
365 474 395 527 et
412 484 481 528 cum
490 467 595 541 Pollio,
610 466 739 527 diceretr
754 467 812 542 „,si
826 465 924 543 iubes,
940 468 1063 542 Caeam,

12 619 13 634 ,
82 555 187 615 statim
202 553 245 612 illi
261 554 352 614 domo
363 567 432 612 mea
442 551 660 611 interdicam.“‘
683 550 767 625 „Hoc
778 565 837 625 mc,
851 551 957 626 inquit,
972 558 1064 626 putas

12 637 13 652 ¹
83 640 252 708 iacturum,
275 652 343 696 cum
358 649 417 710 ego
436 651 493 694 vos
508 633 538 694 in
553 635 680 709 gratiam
699 635 923 694 reduxerimt“
952 633 1065 696 Fuerat

83 722 166 780 enim
187 720 354 795 aliquando
374 719 528 792 Timageni
548 717 645 778 Pollio
666 718 762 778 iratus
785 733 842 777 nec
862 719 955 778 ullam
974 718 1065 779 aliam

82 805 236 864 habuerat
250 817 374 862 causam
389 801 559 875 desinendi,
576 817 668 875 quam
683 801 767 875 quod
779 800 894 862 Cacsar
908 809 1063 876 coeperat.

146 885 257 947 XXIV.
279 887 366 946 Dicat
379 886 481 960 itaque
496 884 555 944 sibi
571 884 712 959 quisque,
730 883 872 959 quotiens
883 884 1061 946 lacessitur:
1074 890 1089 942 1

83 970 235 1045 numquid
251 969 403 1044 potentior
417 985 485 1029 sum
496 966 658 1042 Philippoi
670 967 711 1028 illi
727 973 827 1028 amen
842 968 957 1043 inpune
971 970 1063 1028 male-

83 1055 278 1114 dictumest
309 1051 456 1126 numquid
477 1051 506 1110 in
527 1051 620 1111 domo
641 1065 709 1110 mea
730 1053 800 1126 plus
821 1067 950 1126 possum
972 1068 1064 1126 quam

82 1145 147 1198 toto
170 1136 247 1198 orbe
267 1135 416 1196 terrarum
442 1134 532 1194 divus
552 1135 711 1208 Augustus
737 1135 856 1209 potuita
887 1135 938 1194 ille
963 1143 1064 1196 mmen

84 1225 249 1282 contentus
275 1219 330 1278 luit
354 1235 373 1277 a
397 1217 602 1278 conviciatore
632 1233 690 1278 suo
716 1217 872 1277 secedere.
914 1217 993 1292 Quid
1017 1222 1093 1279 esta

84 1319 181 1379 quare
196 1317 257 1376 ego
272 1302 352 1362 servi
366 1301 425 1361 mei
440 1300 551 1360 clarius
564 1316 750 1374 responsum
763 1307 795 1360 et
807 1302 1064 1362 contumaciorem

85 1388 204 1447 voltum
226 1393 257 1444 et
277 1400 339 1445 non
362 1385 587 1459 pervenientem
608 1399 710 1458 usque
730 1384 770 1443 ad
790 1399 839 1444 me
853 1386 1063 1446 murmuratio-

84 1486 154 1530 nem
175 1468 308 1543 tlagellis
334 1474 365 1528 et
388 1467 581 1542 conpedibus
607 1469 748 1542 expiant
780 1467 849 1541 quis
870 1483 954 1543 sum,
970 1467 1064 1528 cuius

83 1569 176 1613 aures
192 1552 273 1611 laedi
288 1552 374 1611 naias
389 1551 449 1610 siit
469 1551 652 1625 ignoverunt
663 1549 747 1610 multi
758 1551 915 1612 hostibus=
931 1567 989 1627 ego
1001 1569 1064 1613 nou

83 1639 246 1710 ignoscam
261 1634 370 1710 pigris,
392 1633 639 1708 neglegentibus,
659 1635 813 1708 garrulis?
833 1633 962 1695 Puerum
977 1644 1092 1699 aetas3

84 1725 224 1792 excuset,
239 1718 381 1777 leminam
396 1733 507 1791 sexus,
522 1722 700 1785 extraneum
714 1717 846 1792 libertas
862 1718 1064 1780 domesticum

84 1802 282 1863 familiaritas.
312 1801 399 1860 Nunc
419 1801 549 1876 primum
570 1799 710 1860 offendit:
734 1799 902 1875 cogitemus
917 1804 1065 1877 quamdiu

83 1885 244 1961 placuerit.
272 1901 365 1960 saepe
381 1891 410 1944 et
429 1885 505 1944 alias
521 1882 661 1944 offendit:
680 1884 814 1944 ieramus
830 1886 914 1960 quod
928 1884 982 1946 diu
996 1886 1064 1946 tuli-

83 1985 162 2028 mus.
188 1967 309 2028 ‘amicus
324 1975 386 2030 est=
402 1968 474 2027 lecit
487 1967 571 2043 quod
587 1967 690 2028 noluit.
716 1967 870 2030 inimicust
893 1969 965 2028 iecit
979 1969 1064 2045 quod

83 2051 199 2113 debuit
230 2051 421 2112 Prudentiori
442 2051 618 2112 credamus=
641 2050 769 2114 stultiori
782 2053 979 2114 remittamus.
1007 2058 1093 2129 prol

84 2151 282 2210 quocumque
307 2136 381 2195 illud
406 2135 495 2194 nobis
512 2135 783 2210 respondeamus,
816 2135 1062 2211 sapientissimos

84 2234 212 2294 quoque
231 2220 316 2278 viros
334 2221 427 2278 multa
448 2217 640 2292 delinquere,
660 2217 811 2278 neminem
832 2235 903 2281 esse
923 2229 983 2281 tam
1005 2221 1062 2281 cir·

14 2327 15 2334 ¹
84 2309 312 2378 cumspecmm,
339 2303 426 2362 cuius
454 2317 515 2362 non
537 2301 692 2375 diligentia
716 2300 881 2376 aliquando
908 2303 1063 2379 sibiipsa

83 2385 222 2457 excidat,
244 2386 395 2445 neminem
409 2393 469 2445 tam
486 2391 645 2457 maturum,
661 2385 748 2446 cuius
761 2401 824 2444 non
839 2387 1015 2460 gravitatem
1030 2385 1061 2446 in

83 2469 213 2542 aliquod
234 2468 381 2527 fervidius
401 2468 513 2527 iactum
536 2483 628 2528 casus
648 2467 800 2544 inpingat,
829 2468 980 2528 neminem
1000 2477 1082 2528 tam·

83 2552 222 2612 timidum
238 2551 433 2624 offensarum,
450 2551 502 2625 qui
518 2551 622 2610 nonin
638 2551 715 2624 illas,
731 2551 802 2610 dum
817 2552 899 2623 vitat,
915 2552 1040 2612 incidat.

145 2635 241 2694 XXV.
266 2633 424 2708 Quomodo
439 2632 554 2694 homiui
570 2635 681 2708 pusillo
697 2635 838 2694 solatium
849 2633 879 2692 in
894 2635 982 2694 malis
998 2635 1091 2708 iuitl

83 2719 174 2778 etiam
191 2732 370 2792 magnomm
386 2717 520 2778 virorum
539 2717 669 2778 titubare
690 2717 850 2792 fortunam,
873 2726 903 2777 et
916 2719 1063 2792 aequiore

83 2799 185 2860 annno
201 2801 297 2861 filium
308 2803 338 2861 in
352 2803 462 2877 angulo
475 2801 568 2875 flevit,
581 2801 633 2875 qui
643 2799 719 2862 vidit
729 2800 841 2861 acerba
855 2803 962 2861 lunera
972 2803 1062 2864 etiam

84 2885 230 2960 exregia
251 2885 336 2944 duci:
358 2885 403 2945 sic
424 2885 525 2953 animo
547 2883 694 2958 aequiore
714 2885 772 2944 lert
792 2882 830 2944 ab
852 2885 956 2960 aliquo
972 2887 1062 2961 laedi,

83 2968 121 3025 ab
137 2967 242 3042 aliquo
258 2969 424 3041 contenini,
447 2968 630 3043 cuicumque
650 2967 734 3027 venit
752 2969 782 3028 in
802 2975 933 3028 mentem
949 2969 1062 3030 nullam

83 3065 156 3110 csse
179 3058 293 3110 tantam
319 3052 497 3126 potentiam,
522 3052 552 3110 in
578 3067 670 3126 quam
694 3067 756 3111 non
783 3060 924 3112 occurrat
944 3053 1062 3114 iniuria.

84 3133 173 3206 Quod
193 3134 221 3193 si
245 3135 334 3194 etiam
357 3133 587 3210 prudentissimi
609 3142 751 3208 peccant,
784 3135 872 3195 cuius
893 3152 955 3196 non
976 3141 1090 3198 errore

82 3218 197 3277 bonam
212 3233 339 3277 causam
352 3218 464 3278 habeti
493 3215 707 3292 Respiciamus
723 3217 864 3293 quotiens
880 3219 1060 3280 adulescen-

83 3303 124 3358 tia
145 3307 253 3360 nostra
273 3301 303 3360 in
326 3301 428 3363 oiflcio
451 3316 559 3376 parum
579 3299 708 3375 diligens
729 3301 835 3374 luerit,
862 3301 894 3362 in
919 3317 1062 3364 semmua

84 3401 193 3456 parum
207 3385 361 3458 modesta,
383 3386 412 3448 in
427 3385 498 3445 vino
515 3399 621 3459 parum
635 3393 819 3460 temperans.
849 3387 876 3445 si
895 3385 990 3446 iratus
1005 3392 1061 3456 est,

85 3467 194 3528 demus
207 3467 248 3527 illi
261 3469 401 3543 spatium,
418 3483 479 3544 quo
491 3468 644 3544 dispicere
659 3467 733 3545 quid
744 3469 850 3529 iecerit
861 3468 974 3542 ροεείιι
992 3467 1061 3540 ipse

862 3547 907 3611 7*
