2554 3888
217 249 278 312 182
402 252 435 310 L.
455 246 603 310 ANNAEI
625 251 802 312 SENECAE
825 253 926 312 ulau.
949 253 998 312 lX.

215 401 347 462 amicitia
366 401 466 474 tidelis
487 410 518 462 et
538 401 647 462 dulcis.
682 411 828 478 quantum
840 403 955 464 bonum
970 412 1031 478 est,
1053 405 1106 465 ubi
1123 415 1196 467 sunt

216 492 398 560 praeparata
413 493 555 560 pectora,
571 487 600 545 in
617 502 697 562 quae
710 494 774 547 tuto
791 495 943 547 secretum
958 504 1048 548 omne
1062 489 1194 550 descen-

215 571 282 641 dat,
299 585 428 646 quorum
447 569 663 630 conscientiam
678 570 778 631 minus
791 587 881 645 quam
894 578 974 631 tuam
987 572 1104 646 timeas,
1118 591 1195 648 quo-

214 670 281 715 rum
299 670 400 716 sermo
416 653 652 714 sollicitudinem
667 653 773 727 leniat,
795 655 945 716 sententia
961 657 1125 716 consilium
1141 673 1193 716 ex-

217 739 334 813 pediat,
357 737 492 800 hilaritas
513 736 665 798 tristitiam
685 737 830 813 dissipet,
853 747 1041 814 conspectus
1057 741 1126 816 ipse
1142 743 1192 800 de-

217 824 319 882 lectet!
351 837 430 897 quos
456 821 573 880 scilicet
597 837 729 896 vacuos,
757 829 900 896 quantum
926 824 992 882 lieri
1019 825 1147 898 poterit,
1176 842 1194 882 a

216 905 431 982 cupiditatibus
444 905 600 980 eligemus.
618 913 747 981 serpunt
757 907 836 965 enim
848 905 920 967 vitia
933 915 963 966 et
974 908 1004 966 in
1021 908 1191 982 proximum

184 1014 201 1067 4
217 1005 370 1074 quemque
384 990 575 1050 transsiliunt
588 997 619 1049 et
632 995 773 1050 contactu
788 999 909 1052 nocent.
943 992 1050 1066 ltaque
1065 993 1149 1067 quod
1163 994 1190 1050 in

217 1069 389 1148 pestilentia
405 1074 571 1134 curandum
587 1081 649 1145 est,
672 1090 711 1133 ne
726 1076 875 1150 correptis
890 1075 949 1134 iam
963 1077 1149 1150 corporibus
1165 1085 1194 1136 et

216 1157 323 1218 morbo
346 1157 546 1233 flagrantibus
562 1159 775 1232 adsideamus,
798 1159 870 1234 quia
886 1159 1022 1234 pericula
1036 1159 1192 1220 trahemus

215 1241 394 1317 adflatuque
415 1243 484 1316 ipso
505 1239 726 1302 laborabimus:
748 1243 789 1304 ita
809 1243 839 1302 in
864 1243 1032 1303 amicorum
1053 1245 1193 1317 legendis
1263 1241 1264 1246 ’

216 1325 346 1402 ingeniis
369 1325 509 1386 dabimus
530 1341 671 1402 operam,
701 1334 734 1386 ut
760 1343 849 1402 quam
872 1325 996 1386 minime
1016 1327 1192 1401 inquinatos
1263 1359 1264 1364 κ

215 1411 430 1470 adsumamus:
454 1410 570 1470 initium
585 1411 683 1470 morbi
699 1418 747 1469 est
761 1412 861 1486 aegris
877 1427 954 1470 sana
964 1411 1104 1470 miscere.
1131 1411 1193 1470 Nec

216 1495 276 1554 hoc
290 1488 501 1570 praeceperim
516 1494 584 1566 tibi,
606 1502 639 1554 ut
653 1496 803 1554 neminem
819 1495 878 1554 nisi
894 1495 1064 1570 sapientem
1080 1511 1193 1569 sequa-

215 1579 259 1638 ris
274 1584 325 1636 aut
339 1577 492 1637 adtrahas.
522 1578 573 1637 ubi
592 1579 671 1638 euim
692 1579 782 1638 istum
802 1579 957 1653 invenies,
978 1595 1069 1654 quem
1084 1586 1130 1638 tot
1145 1596 1193 1638 se-

184 1668 200 1719 5
217 1661 292 1720 culis
310 1661 507 1733 quaerimus?
526 1678 580 1736 pro
597 1663 712 1736 optimo
727 1669 776 1722 est
789 1662 912 1725 minime
925 1664 1034 1722 malus.
1062 1663 1125 1721 Vix
1140 1662 1193 1722 tibi

216 1750 299 1804 esset
314 1746 443 1804 lacultas
459 1745 595 1805 delectus
612 1747 774 1820 felicioris,
796 1746 823 1805 si
844 1747 922 1807 inter
931 1746 1075 1806 Platonas
1090 1755 1121 1806 et
1133 1747 1193 1806 Xe-

217 1828 388 1904 nophontas
401 1835 431 1889 et
443 1830 526 1888 illum
540 1829 687 1891 Socratici
699 1831 777 1890 letus
790 1837 971 1906 proventum
984 1831 1086 1891 bonos
1099 1846 1193 1904 quae-

215 1928 316 1987 reres,
331 1919 383 1974 aut
397 1913 423 1972 si
438 1913 491 1974 tibi
509 1921 646 1988 potestas
663 1914 846 1987 Catonianae
861 1914 948 1974 fieret
965 1913 1089 1989 aetatis,
1113 1929 1193 1990 quae

109 2041 112 2047 -
215 1999 382 2072 plerosque
402 1995 513 2072 dignos
537 2000 618 2072 tulit,
645 1999 695 2074 qui
719 1998 842 2058 catonis
864 1999 968 2058 seculo
991 2005 1194 2058 nascerentur

215 2081 308 2155 (sicut
327 2081 438 2139 multos
462 2081 584 2155 peiores
606 2099 697 2157 quam
718 2098 863 2156 umquam
884 2083 960 2142 alias
975 2081 1192 2143 maximorum-
1264 2101 1265 2152 l

217 2180 276 2238 que
297 2164 453 2223 molitores
474 2166 634 2224 scelerum.
659 2175 789 2240 utraque
810 2166 889 2226 enim
910 2165 1000 2226 turba
1020 2165 1101 2241 opu's
1117 2173 1192 2238 erat,
1264 2199 1265 2202 =

215 2243 248 2306 ut
263 2247 336 2306 Cato
354 2253 461 2320 posset
477 2247 620 2324 intellegi.
648 2250 762 2309 habere
778 2249 882 2310 debuit
896 2258 926 2310 et
939 2249 1056 2323 bonoS,
1078 2250 1193 2326 quibus

217 2346 251 2390 se
273 2329 473 2405 adprobaret,
498 2339 529 2392 et
547 2335 660 2407 malos,
680 2333 711 2392 in
727 2334 839 2408 quibus
853 2333 915 2392 vim
930 2350 1018 2394 suam
1035 2335 1193 2409 experire-

183 2418 291 2485 6tur)·:
321 2430 401 2474 nunc
422 2431 495 2476 vcro
516 2416 546 2475 in
568 2423 650 2476 tanta
668 2417 819 2477 bonorum
839 2423 975 2492 egestate
990 2418 1091 2478 minus
1106 2418 1193 2477 iasti-

216 2498 305 2558 diosa
329 2499 382 2560 liat
406 2499 524 2560 electio.
564 2501 729 2576 praecipue
748 2508 853 2561 'tamen
878 2502 1010 2561 vitentur
1034 2503 1138 2562 tristes
1164 2509 1194 2559 et

216 2583 317 2644 omnia
338 2584 548 2658 deplorantes,
571 2585 682 2660 quibus
704 2587 786 2644 nulla
806 2602 867 2645 non
891 2601 986 2646 causa
1001 2585 1031 2644 in
1048 2586 1193 2660 querelas

217 2669 324 2742 placet.
358 2675 478 2728 constet
492 2667 539 2728 illi
560 2669 631 2728 licet
645 2669 724 2729 fides
745 2677 774 2729 et
794 2669 1022 2730 benevolentia:
1044 2669 1193 2744 tranquil·

214 2750 289 2811 litati
314 2758 414 2811 tamen
439 2752 580 2812 inimicus
605 2763 653 2812 est
681 2769 785 2812 comes
811 2755 1006 2844 perturbatus
1032 2760 1063 2812 et
1089 2753 1194 2840 omnia

215 2848 351 2909 gemens.

183 2927 199 2980 1
277 2917 356 2978 Vlll.
378 2914 963 2995 Transeamusadpatrimonia,
986 2921 1192 2989 inaximam

214 3002 461 3063 humanarum
497 3019 764 3064 aerumnarum
797 3005 1009 3064 materiam.
1052 3005 1129 3064 Nam
1165 3006 1191 3062 si

215 3085 317 3146 omnia
337 3089 409 3162 alia,
436 3087 547 3163 quibus
562 3088 715 3163 angimur,
738 3103 907 3162 conpares,
930 3095 1060 3161 mortes,
1081 3103 1190 3163 aegro-

214 3168 359 3245 tationes,
380 3179 496 3246 metus,
512 3171 681 3246 desideria,
702 3171 842 3232 dolorum
857 3171 1059 3248 laborumque
1073 3172 1191 3247 patien-

213 3249 301 3324 tiam,
323 3268 391 3312 cum
412 3255 449 3315 iis
472 3271 551 3330 quae
572 3256 662 3316 nobis
685 3258 763 3315 mala
783 3257 914 3330 pecunia
934 3264 1041 3317 nostra
1055 3255 1190 3327 exhibet,

181 3334 289 3396 ahaec
309 3352 381 3409 pars
401 3339 526 3398 multum
546 3340 770 3414 praegravabit.
799 3341 905 3414 ltaque
920 3339 1118 3414 cogitandum
1134 3347 1190 3413 est,

215 3425 329 3493 quanto
345 3417 442 3477 levior
458 3421 547 3480 dolor
562 3423 676 3482 sitnon
692 3422 811 3494 habere¹
821 3440 913 3498 quam
928 3424 1076 3498 perdere:
1100 3431 1131 3483 et
1146 3423 1190 3482 in-

214 3503 391 3577 tellegemus
415 3506 586 3578 paupertati
601 3521 638 3564 eo
655 3507 800 3565 minorem
816 3515 1037 3567 tormentorum
1052 3523 1115 3582 quo
1134 3505 1190 3566 mi·
