2522 3906
335 606 368 684 ln
390 603 530 686 lllllll
552 603 722 686 nullutn

197 753 565 851 allalulnllll
596 753 766 848 ulula
796 753 862 847 ΙΙΙ.

415 943 460 992 ΑΙ)
477 940 636 994 Novarum

394 1060 416 1124 ll
452 1059 473 1126 ll
536 1060 549 1125 l
583 1060 608 1125 ll
642 1059 665 1124 l

467 1177 601 1230 arcani.

462 1304 602 1314 m...-

116 1433 134 1490 Ι.
159 1395 303 1508 Exegisti
312 1449 336 1494 a
353 1449 415 1507 me,
434 1433 566 1505 Novate,
587 1441 621 1492 ut
642 1432 808 1494 scriberem
830 1436 1011 1510 quemadmo
1039 1450 1053 1497 1

71 1517 123 1574 lum
144 1525 249 1592 posset
274 1518 321 1576 ira
346 1518 448 1590 leniri,
480 1532 537 1576 nec
556 1517 695 1577 inmerito
716 1517 788 1578 mihi
809 1518 924 1578 videris
945 1519 1026 1579 hunc

70 1602 208 1676 praecipue
223 1602 379 1662 adlectum
399 1599 593 1676 pertimuisse
615 1601 746 1662 maxime
768 1617 807 1662 ex
827 1601 967 1664 omuibus
982 1610 1025 1663 le-

70 1692 128 1743 lrum
141 1701 174 1744 ac
187 1685 340 1746 rabidum.
377 1685 486 1744 ceteris
507 1686 586 1744 enim
606 1685 721 1759 aliquid
744 1685 837 1760 quieti
851 1687 1025 1764 placidique

70 1765 142 1843 inesl,
156 1769 203 1828 lric
217 1775 302 1830 totus
319 1769 487 1828 concitatus
505 1775 535 1828 el
549 1768 580 1828 in
595 1769 701 1845 inpetu
716 1779 764 1830 est
778 1770 909 1844 doloris,
926 1787 1024 1830 armo-

69 1867 129 1925 rum,
143 1853 315 1928 sanguinis,
333 1853 552 1928 suppliciorum
572 1854 693 1931 minime
707 1854 840 1914 humana
854 1857 958 1914 lurens
973 1871 1025 1916 cu-

70 1935 183 2011 piditate,
205 1939 279 1996 dum
296 1936 382 1997 alteri
396 1942 514 2008 noceat,
532 1937 557 1995 si
573 1939 754 2012 neglegens
771 1938 800 1996 in
815 1937 885 2013 ipsa
900 1939 1024 1998 inruens

34 2011 40 2025 '
69 2019 111 2078 tela
123 2028 149 2079 et
163 2021 288 2082 ultionis
303 2037 409 2080 secum
432 2022 559 2080 ultorem
575 2028 726 2080 tracturae
741 2021 859 2080 aridus.
898 2021 1025 2095 Quidam
1038 2030 1053 2080 2

70 2100 149 2177 ltaque
168 2121 206 2164 ex
228 2105 421 2183 sapientibus
443 2104 515 2162 viris
536 2103 612 2163 iram
634 2105 776 2164 dixerunt
797 2106 921 2165 brevem
943 2107 1023 2166 insa-

69 2185 137 2245 niam.
158 2205 257 2264 aeque
278 2188 357 2247 euim
372 2190 514 2262 inpotens
531 2189 578 2247 sui
594 2196 649 2263 est,
665 2189 785 2249 decoris
803 2190 903 2264 oblita,
919 2205 1026 2250 ueces-

69 2269 208 2332 situdinum
227 2274 392 2344 inmemor,
414 2273 444 2330 in
467 2273 551 2346 quod
572 2273 675 2347 coepit
696 2275 832 2348 pertinax
854 2275 1025 2348 elimenta,

68 2354 153 2414 rationi
168 2355 368 2432 consiliisque
382 2357 554 2429 praeclusa,
568 2357 657 2416 vanis
672 2358 784 2431 agitata
798 2358 909 2429 causis,
925 2358 965 2418 ad
980 2358 1025 2416 di-

34 2435 37 2442 '
69 2446 183 2509 spectum
207 2439 304 2515 aequi
328 2441 455 2514 verique
473 2439 629 2512 inhabilis,
651 2441 746 2500 ruinis
762 2441 926 2514 simillima,
944 2456 1025 2514 quae

69 2535 141 2595 super
160 2522 191 2583 iu
219 2525 306 2600 quod
332 2539 517 2598 oppressere
539 2524 725 2600 franguntur.
762 2525 802 2584 Ut
822 2525 903 2584 scias
925 2530 1054 2585 autema

34 2635 36 2646 ,
69 2620 113 2664 non
123 2623 187 2667 esse
203 2624 301 2668 sanos
318 2623 396 2682 quos
412 2607 457 2668 ira
472 2609 626 2682 possedit,
643 2607 745 2682 ipsum
756 2607 876 2667 illorum
892 2606 1025 2666 habitum

34 2675 36 2700 ¹
69 2687 170 2752 intuere.
203 2709 276 2752 nam
298 2698 332 2752 ut
352 2691 512 2771 lucentium
530 2700 613 2752 certa
632 2691 744 2750 indicia
762 2696 847 2764 suut,
874 2689 975 2749 audax
996 2700 1026 2750 et

34 2791 35 2796 ¹
68 2771 147 2834 minax
159 2779 279 2850 voltuS,
300 2775 396 2835 tristis
417 2775 517 2850 lrons,
538 2783 626 2836 torva
645 2775 754 2850 facies,
777 2775 885 2834 citatus
901 2776 1024 2848 gradus

68 2855 196 2931 inquietae
223 2875 351 2933 manus
378 2859 463 2918 color
476 2875 603 2933 versuS,
630 2859 737 2918 crebra
762 2865 792 2918 el
815 2857 1024 2918 vehementius

68 2947 117 3000 acta
129 2943 276 3019 suspiria,
293 2942 335 3003 ita
350 2943 544 3002 irascentium
558 2943 666 3002 eadem
681 2945 769 3017 signa
780 2949 864 3003 sunt:
896 2941 1052 3016 flagrante

69 3038 93 3081 ac
112 3027 218 3088 micant
234 3027 339 3102 ,comi
363 3027 475 3087 multus
495 3043 549 3086 ore
571 3033 632 3086 toto
653 3025 749 3088 rubor
768 3033 966 3088 exaestuante
987 3026 1024 3086 ab

68 3105 117 3168 mis
130 3111 317 3186 praecordiis
333 3110 490 3186 sanguiue.
525 3109 610 3169 labra
625 3111 813 3185 quatiuntur,
829 3111 937 3170 dentes
953 3126 1024 3170 con-

69 3192 222 3272 primuntur,
237 3195 363 3257 horrent
376 3211 412 3256 ac
427 3194 623 3269 subriguntur
638 3195 746 3269 capilli,
761 3192 886 3268 spiritus
898 3201 1025 3256 coactus

69 3289 93 3332 ac
105 3280 247 3354 stridens,
262 3279 455 3341 articulorum
468 3279 505 3339 'se
519 3279 607 3354 ipsos
621 3278 827 3354 torquentium
844 3295 955 3350 sonus
972 3294 1023 3352 gc-

34 3359 36 3420 l
68 3359 136 3423 nitus
158 3363 359 3440 mugitusque·
381 3369 412 3424 et
435 3379 545 3438 parum
571 3363 742 3437 explanatis
768 3361 897 3422 vocibus
923 3377 1023 3421 sermo

34 3443 36 3494 ἴ
69 3455 232 3524 praeruptus
248 3456 277 3510 et
290 3449 458 3525 conplosae
473 3447 598 3522 saepius
610 3462 720 3506 vmaanus
736 3453 766 3506 et
779 3446 901 3521 pulsata
914 3446 1024 3504 humus

67 3528 175 3597 pedibus
192 3540 332 3594 ettotam
348 3531 498 3592 concitum
514 3546 627 3604 corpus
643 3545 835 3666 magnasque
843 3529 912 3642 iiram
927 3526 1023 3582 minas
1066 3574 1072 3582 .
