2528 3906
214 220 256 281 86
501 218 534 276 L.
557 217 703 276 ANNAEI
724 216 898 277 SENECAE

214 373 277 433 vidi
292 373 331 432 sit
345 371 456 446 ingenii
471 385 510 430 an
526 368 626 444 frigidi
642 376 732 443 atque
747 369 883 429 humilis:
900 384 1052 444 generoso
1065 372 1199 446 repulsa

214 458 289 518 iram
307 455 470 531 exprimet,
481 452 630 528 'languido
643 453 791 527 inertique
805 452 964 512 tristitiam.
997 452 1077 527 Ergo
1097 455 1196 514 actio-

214 555 269 599 nes
285 546 408 600 nostrae
423 553 480 598 nec
502 551 615 612 parvae
636 535 697 596 sint
715 551 772 596 nec
787 536 921 596 audaces
937 542 967 595 et
980 535 1140 611 inprobae.
1163 537 1197 596 in

196 619 348 685 'vicinum
371 637 445 697 spes
471 627 570 680 exeat.
601 619 674 678 nibil
696 635 856 694 conemur,
883 619 966 695 quod
993 635 1065 680 mox
1087 620 1196 696 adepti

216 722 340 782 quoque
354 705 546 766 successisse
560 701 712 764 miremur.
996 703 1000 710 ’

186 797 198 848 1
276 790 355 849 Vlll.
382 790 496 849 Demus
518 803 659 862 operam,
681 802 719 846 ne
736 786 925 862 accipiamus
943 785 1097 859 inluuiem,
1119 785 1197 862 quia

214 877 294 935 lerre
309 873 473 932 nescimus.
509 871 583 932 cum
597 869 807 946 placidissimo
824 877 854 931 et
865 871 1006 931 laclllimo
1022 877 1052 929 et
1069 871 1197 932 minime

215 958 306 1018 anxio
327 970 516 1032 morosoque
532 954 698 1016 vivendum
713 961 774 1015 est=
797 963 957 1016 sumuntur
971 971 989 1014 a
1005 970 1191 1015 conversan·

213 1041 295 1102 tibus
315 1055 417 1100 mores
439 1046 469 1099 et
494 1046 528 1100 ut
549 1039 700 1114 quaedam
721 1038 751 1096 ln
775 1045 933 1100 contactos
956 1039 1096 1114 corporis
1118 1039 1197 1098 vitia

187 1123 419 1199 xtranssiliunt,
439 1123 480 1184 ita
494 1120 612 1183 animus
628 1123 707 1184 rnala
728 1137 784 1182 sua
798 1121 946 1198 proximis
962 1121 1065 1184 tradit:
1091 1121 1195 1183 ebrio-

215 1226 269 1269 sus
283 1209 474 1269 convictores
489 1207 520 1266 in
535 1221 668 1268 amorem
683 1205 757 1266 meri
772 1207 871 1266 traxit.
892 1206 1104 1282 inpudicorum
1120 1222 1195 1266 coe-

214 1301 263 1354 tus
282 1293 388 1353 iontem
410 1305 535 1368 quoque
549 1295 592 1364 et,
615 1291 641 1350 si
655 1289 757 1362 liceat,
779 1291 877 1350 virum
898 1290 1031 1350 emolliit.
1064 1289 1197 1349 avaritia

214 1378 244 1436 in
266 1377 426 1450 proximos
451 1375 536 1435 virus
563 1391 653 1436 suum
675 1375 836 1434 transtulit.
868 1373 983 1434 Eadem
1004 1389 1043 1432 ex
1064 1373 1194 1434 diverso

214 1461 291 1521 ratio
307 1460 451 1521 virtutum
466 1468 527 1532 est,
544 1465 576 1518 ut
593 1472 683 1518 omne
698 1457 782 1531 quod
796 1473 900 1518 secum
917 1457 1029 1517 hebent
1044 1457 1194 1532 mitigent.

215 1559 272 1603 nec
286 1550 347 1603 tam
363 1541 521 1602 valitudini
534 1543 648 1615 proluit
662 1540 743 1600 utilis
759 1540 844 1616 regio
858 1548 889 1602 et
903 1541 1055 1601 salubrius
1072 1541 1195 1602 coelum

185 1641 307 1702 aquam
323 1625 431 1686 animis
446 1641 554 1700 parum
567 1625 662 1685 firmis
678 1626 708 1684 in
724 1625 813 1685 turba
824 1625 950 1688 meliore
963 1625 1088 1685 versari.
1107 1624 1196 1698 Quae

214 1726 264 1769 res
287 1715 431 1782 quantum
453 1709 554 1784 possit
578 1706 753 1784 intelleges,
777 1709 803 1770 si
827 1709 939 1770 videris
963 1709 1043 1768 ieras
1066 1725 1196 1784 quoque

215 1792 357 1853 convictu
391 1799 496 1853 nostro
531 1807 747 1854 mansuescere
779 1791 915 1867 nullique
950 1792 1038 1852 etiam
1078 1793 1194 1852 inmani

213 1876 332 1948 bestiae
351 1877 413 1937 vim
437 1893 524 1938 suam
544 1891 738 1953 permanere,
762 1877 788 1936 si
808 1876 939 1938 hominis
961 1875 1195 1936 contubernium

215 1961 267 2021 diu
288 1975 382 2037 passa
403 1969 460 2021 ast.
493 1961 662 2022 retunditur
684 1960 783 2020 omnis
811 1960 963 2036 asperitas
985 1961 1195 2036 paulatimque

214 2045 292 2105 inter
313 2044 434 2120 placida
454 2044 630 2104 dediscitur.
662 2044 780 2105 accedit
800 2043 874 2119 huc,
897 2044 981 2119 quod
996 2060 1057 2113 noa
1075 2050 1195 2104 tantum
1259 2043 1260 2054 ’

214 2130 356 2202 exemplo
371 2127 478 2188 melior
497 2127 532 2187 fit
546 2127 599 2204 qui
618 2143 687 2188 cum
703 2126 814 2202 quietis
829 2127 1002 2188 hominibus
1018 2127 1110 2200 vivit,
1134 2129 1194 2188 sed

216 2211 299 2286 quod
315 2226 426 2271 causas
441 2212 593 2272 irascendi
608 2227 669 2272 non
685 2212 799 2272 invenit
814 2227 871 2272 nec
883 2211 988 2273 vitium
1000 2227 1088 2272 suum
1101 2227 1194 2272 exer·
1258 2265 1259 2301 ζ

121 2297 126 2308 ’
215 2300 280 2354 cet:
304 2295 411 2370 lugere
435 2295 538 2370 itaque
561 2295 686 2356 debebit
707 2295 804 2355 omnis
828 2312 907 2371 quos
931 2295 1107 2356 imitaturos
1131 2296 1193 2356 ira-

187 2376 355 2442 tcundiam
371 2379 456 2438 sciet.
491 2378 566 2454 „Qui
581 2387 666 2452 sunt,
683 2379 800 2454 inquis,
816 2379 912 2440 istit“
943 2379 1028 2440 Multi
1043 2396 1082 2439 ex
1095 2380 1195 2440 variis

214 2461 317 2522 causis
343 2461 423 2522 idem
449 2461 575 2524 iacturi=
606 2462 742 2524 offendet
770 2471 800 2523 te
824 2464 977 2540 superbus
1005 2470 1193 2540 contemptu,

214 2546 303 2606 dicax
326 2546 524 2621 contumelia,
550 2549 690 2622 petulans
712 2546 838 2619 iniuria,
863 2547 975 2609 lividus
997 2549 1193 2622 malignitate,

213 2645 337 2705 pugnax
360 2630 568 2701 contentione,
591 2638 739 2693 ventosus
761 2639 791 2691 et
808 2632 940 2692 mendax
956 2631 1098 2692 vanitate.
1128 2649 1192 2692 non
1256 2655 1257 2677 .

214 2715 295 2774 lenes
317 2730 335 2773 a
356 2714 532 2789 suspicioso
552 2715 662 2788 timeri,
684 2731 702 2774 a
723 2714 879 2790 pertinace
897 2715 993 2786 vinci,
1018 2732 1037 2775 a
1058 2714 1193 2776 delicato

186 2797 352 2856 clastidiri.
384 2796 470 2872 Elige
493 2798 662 2872 simplices,
686 2799 806 2872 faciles,
828 2799 1019 2873 moderatos,
1042 2800 1093 2876 qui
1114 2800 1193 2859 iram
1255 2841 1256 2865 t

214 2887 294 2938 tuam
310 2895 367 2938 nec
382 2887 513 2941 evocent
527 2890 558 2942 et
572 2882 678 2941 lerant.
704 2883 802 2956 magis
816 2883 917 2942 adhuc
932 2884 1101 2958 proderunt
1117 2884 1192 2944 sub-

214 2961 299 3022 missi
319 2969 349 3022 et
363 2963 484 3024 humani
501 2973 530 3026 et
544 2966 665 3040 dulces,
688 2982 749 3026 non
764 2973 864 3026 tamen
878 2983 979 3042 usque
993 2967 1023 3026 in
1040 2967 1191 3027 adulatio-

185 3054 292 3108 duem.
312 3061 382 3105 nam
397 3047 561 3110 iracundos
576 3047 667 3109 nimia
679 3049 849 3110 adsentatio
864 3049 1001 3111 offendit.
1023 3051 1096 3130 Erat
1107 3057 1193 3110 certe

214 3127 330 3189 amicus
356 3137 461 3192 noster
485 3132 671 3205 virbonus,
696 3134 752 3193 sed
776 3134 839 3192 irae
860 3134 1037 3209 pacatioris,
1065 3133 1115 3194 cui
1128 3151 1192 3195 non

214 3212 310 3286 magis
338 3219 432 3276 tutum
459 3224 524 3276 erat
551 3215 681 3277 blandiri
712 3233 801 3292 quam
821 3217 1014 3280 maledicere.
1055 3218 1192 3278 Coelium

214 3303 367 3358 oratorem
391 3298 488 3360 luisse
512 3298 777 3361 iracundissimum
803 3309 932 3362 constat.
965 3319 1033 3363 cum
1054 3317 1133 3376 quo,
1159 3310 1193 3362 ut

214 3379 312 3453 alunt,
337 3383 486 3442 coenabat
505 3383 536 3442 in
556 3383 695 3443 cubiculo
711 3385 807 3443 lectae
821 3385 984 3460 patientiae
997 3386 1109 3458 cliens,
1133 3386 1191 3444 sed
1252 3383 1253 3429 t

214 3464 338 3524 dilliclle
353 3473 418 3526 erat
431 3466 472 3524 illi
487 3467 517 3526 in
533 3467 675 3541 copulam
690 3466 827 3527 coniecto
841 3467 938 3528 rixam
952 3470 1019 3530 eius
1035 3485 1103 3530 cum
1127 3486 1191 3544 quo
1251 3547 1252 3550 Ἴ
