2528 3906
181 193 235 264 Aa
258 203 442 263 naricam
463 203 512 267 nn
536 201 835 262 consumamus.
864 169 967 264 r--ro
1008 204 1067 266 na

88 365 197 418 marus.
233 363 276 417 tot
297 356 407 416 acerba
429 357 549 416 lunera:
577 373 633 416 nos
654 363 755 431 togam
776 363 949 418 nostrorum
969 359 1066 418 inlan-

86 443 174 514 tium,
197 457 254 500 nos
276 440 409 498 militiam
432 447 461 498 et
482 447 628 513 paternae
642 437 818 500 hereditatis
836 441 1067 503 successionem

87 526 236 599 agitamus
259 522 370 582 animo.
398 529 443 583 tot
465 523 590 584 divitum
611 523 712 584 subita
730 531 896 599 paupertas
911 525 941 584 in
957 527 1066 586 oeulos

87 607 191 669 incidit
212 616 242 666 et
263 607 352 666 nobis
373 622 539 680 numquam
560 606 590 666 in
605 614 736 667 mentem
751 608 834 667 venit
848 615 970 668 nostras
990 625 1065 684 qno-

89 707 147 766 que
169 706 247 766 opes
270 705 369 764 aeque
389 689 418 748 in
440 689 558 750 lubrico
580 693 712 765 positas:
743 707 873 752 neeesse
895 699 943 753 est
962 693 1067 768 itaque

88 775 184 848 magis
200 790 394 846 corruamus,
416 772 469 848 qui
490 775 579 848 quasi
595 774 804 849 exinopinata
821 775 954 836 ierimur.
988 792 1067 851 quae

87 859 179 920 multo
196 865 265 918 ante
274 861 385 933 procul
397 861 459 917 aisa
475 869 559 929 sunt,
577 857 748 932 languidius
763 859 929 919 incurrunt.
964 861 1020 920 Vis
1035 866 1095 920 163

87 943 167 1002 scire
182 947 211 1000 te
226 941 264 1000 ad
282 941 381 1000 omnis
398 941 571 1015 expositum
589 940 666 1001 ictus
689 947 771 1000 stare
786 949 816 1001 et
830 943 880 1002 illa
896 959 974 1017 quae
989 943 1066 1003 alios

87 1027 146 1084 tela
170 1025 318 1095 fixerunt,
346 1025 427 1084 eirca
451 1032 481 1084 te
502 1025 661 1084 vibrasset
693 1025 776 1086 velut
796 1043 914 1086 murum
935 1027 1067 1101 aliquem

87 1115 140 1168 aut
164 1107 329 1168 obsessum
354 1109 448 1168 multo
473 1106 563 1168 hoste
588 1109 688 1168 locum
714 1115 744 1168 et
765 1109 890 1168 arduum
912 1111 1067 1170 adscensu

88 1189 248 1252 semermis
264 1191 375 1260 adeas,
400 1198 548 1265 exspecta
571 1192 680 1250 volnus
701 1199 730 1250 ct
747 1192 796 1250 illa
812 1209 947 1266 superne
962 1195 1065 1252 volan-

87 1275 129 1334 tia
150 1291 218 1334 curn
241 1274 359 1348 sagittis
382 1272 514 1348 pilisque
535 1291 611 1334 saxa
633 1274 663 1332 in
685 1282 767 1334 tuum
788 1284 862 1349 puta
878 1275 984 1336 librata
1000 1293 1066 1336 cor·

87 1375 156 1434 pus.
188 1357 468 1432 quotiens'aliqnid,
486 1357 525 1416 ad
546 1359 625 1422 latus
647 1365 698 1416 aut
718 1375 799 1432 pone
815 1365 931 1432 tergum
948 1359 1066 1418 cecide·

86 1441 139 1514 rit,
162 1443 316 1500 exclama=
344 1457 425 1514 „non
447 1440 583 1516 decipies
606 1457 668 1513 me,
692 1443 827 1514 lortuna,
851 1459 908 1502 neo
925 1459 1067 1503 securum

87 1531 140 1586 aut
155 1527 364 1599 neglegentem
384 1524 549 1598 opprimes.
577 1523 642 1585 seio
666 1525 737 1599 quid
758 1540 866 1600 pares:
888 1525 979 1586 aliurn
1002 1527 1066 1601 qui-

87 1611 157 1668 dem
174 1606 364 1682 percussisti,
382 1609 437 1667 sed
453 1623 501 1666 me
517 1609 649 1682 petisti.“
678 1608 751 1681 Quis
766 1626 910 1683 umquam
928 1625 978 1668 res
993 1619 1095 1672 suast

88 1693 177 1767 quasi
195 1691 347 1766 periturus
363 1690 526 1766 adspexit?
555 1693 624 1766 quis
640 1709 784 1766 umquam
800 1699 933 1752 vestrum
949 1693 1065 1753 deexi·

88 1777 143 1850 lio,
166 1776 205 1836 de
227 1782 377 1850 egestate,
401 1775 440 1834 de
455 1775 538 1836 luctu
554 1773 688 1850 cogitare
702 1792 797 1836 ausus
814 1783 882 1836 estt
910 1777 983 1850 quis¹
995 1793 1065 1850 non,

89 1861 115 1919 si
130 1859 330 1920 admoneatur
344 1865 377 1918 ut
390 1857 517 1933 cogitet,
540 1865 693 1933 tamquam
717 1857 814 1918 dirum
837 1875 925 1919 omen
940 1867 1068 1933 respuat

87 1951 118 2003 et
137 1943 168 2002 in
192 1943 292 2018 capita
312 1941 502 2006 inimieorum
523 1950 574 2002 aut
593 1943 690 2016 ipsius
713 1942 916 2017 intempestivi
939 1943 1066 2003 monito-

87 2028 130 2086 ris
146 2026 231 2086 abire
252 2025 303 2086 illa
324 2025 445 2086 iubeat?
474 2022 560 2098 „Non
583 2026 686 2101 putavi
702 2026 866 2086 16161616.ιι
900 2027 1095 2102 Quicquama

89 2120 120 2170 tu
136 2117 227 2183 putas
243 2127 304 2170 non
320 2112 467 2181 laturum,
485 2110 568 2183 quod
584 2108 685 2171 multis
700 2110 762 2170 seis
779 2126 873 2186 posse
888 2109 963 2180 fieri,
983 2111 1067 2186 qnod

88 2194 190 2254 multis
207 2195 292 2254 vides
308 2193 474 2254 evenisset
500 2193 661 2269 Egregium
682 2210 805 2254 versum
827 2201 856 2254 et
875 2194 998 2268 dignum
1015 2194 1067 2269 qui

88 2293 148 2338 non
165 2294 183 2337 c
198 2279 314 2352 populo
330 2277 439 2337 exiret:

221 2363 313 2421 calais
324 2368 419 2436 potest
432 2361 570 2420 accidere
583 2361 663 2436 quod
674 2363 810 2434 culquam
822 2359 937 2436 potest!
1012 2415 1015 2418 .

88 2447 141 2504 llle
162 2443 269 2510 amisit,
285 2445 415 2504 liberos:
444 2451 474 2502 61
493 2451 525 2502 16
546 2445 681 2503 amittere
704 2450 802 2518 potes.
836 2445 885 2504 ille
907 2445 1067 2503 damnatus

88 2536 151 2588 est:
178 2536 210 2588 et
227 2535 278 2588 tua
297 2528 471 2590 innocentia
490 2527 548 2586 sub
571 2528 633 2587 ictu
653 2533 708 2586 est.
743 2535 840 2588 terror
861 2527 983 2601 decipit,
1017 2525 1067 2585 hio
1098 2533 1100 2536 ’

89 2611 259 2684 effeminat,
282 2612 353 2675 dura
374 2610 503 2685 patimur
525 2627 605 2686 quae
625 2626 787 2684 numquam
811 2610 950 2684 patinos
972 2624 1068 2684 posse

89 2695 292 2770 providimus.
332 2695 431 2754 aufert
456 2695 514 2752 vim
539 2693 752 2770 praesentibus
778 2693 865 2753 malis
891 2693 942 2768 qui
967 2695 1067 2754 lutura

88 2779 262 2855 prospexit.

150 2863 188 2922 X.
212 2860 363 2937 Quicquid
380 2869 428 2922 est
447 2861 522 2934 hoe,
541 2858 670 2934 Mareia,
695 2860 778 2936 quod
794 2861 874 2920 circa
889 2877 946 2922 nos
962 2877 1001 2920 ex
1015 2860 1095 2925 adt

89 2946 222 3007 ventieio
239 2946 347 3020 fulget,
363 2945 463 3015 liberi,
481 2944 630 3015 honores,
653 2960 746 3019 opes,
766 2946 868 3019 ampla
882 2945 958 3005 atria
973 2952 1003 3004 et
1017 2960 1067 3003 ex-

90 3029 246 3090 clusorum
262 3027 413 3089 clientium
428 3027 516 3089 turba
531 3029 641 3086 relenta
658 3029 820 3099 vestibula,
844 3030 939 3098 clara,
957 3029 1067 3088 nobilis

89 3121 140 3174 aut
161 3113 298 3174 lornrosa
319 3113 431 3173 coniux
450 3119 612 3184 ceteraque
633 3128 672 3171 ex
694 3112 809 3171 incerta
822 3119 852 3172 et
866 3111 969 3172 mobili
985 3120 1069 3172 sorte

91 3197 258 3270 pendentia
289 3197 379 3257 alieni
411 3193 656 3270 commodatique
687 3195 853 3269 adparatus
879 3205 959 3257 sunt.
996 3193 1069 3257 nihil

89 3281 199 3340 horum
221 3279 303 3340 dono
325 3281 428 3340 datur:
459 3278 616 3339 collatieiis
643 3285 673 3338 et
696 3279 734 3338 ad
760 3278 900 3339 dominus
927 3279 1068 3340 redituris

90 3363 299 3424 instrumentis
316 3379 411 3422 scena
424 3361 600 3422 adornatur.
620 3361 680 3422 alia
694 3379 733 3421 cx
749 3359 797 3421 his
813 3362 990 3436 primodie,
1009 3362 1069 3421 alia

91 3447 230 3508 secundo
246 3447 423 3520 referentur,
439 3461 539 3521 pauca
552 3446 703 3522 usquead
715 3445 805 3505 linem
818 3442 1067 3520 perseverabunt.
