2546 3890
214 255 278 319 300
502 254 535 314 L.
557 252 702 314 ANNAEI
725 251 901 314 SENECAE
946 308 954 322 s

216 410 246 468 in
263 410 369 469 omnes
384 405 472 484 [exim
492 406 603 483 omnia]
619 411 726 478 vegeta
747 409 819 463 sunt
836 409 928 478 atque
943 410 1045 464 erecta
1059 413 1114 466 aut
1127 407 1199 464 tan·

216 507 313 568 guore
334 489 484 563 demissa,
513 495 604 564 prout
623 488 742 547 animus
764 502 870 548 eorum
891 486 966 547 vivit
989 496 1041 548 aut
1064 495 1198 550 marcet

215 576 312 636 Erunt
333 573 433 648 cives,
457 578 545 633 erunt
564 571 642 632 socii
663 569 746 646 digni
765 570 824 630 hac
843 571 979 641 bonitate,
1001 579 1031 632 et
1048 571 1198 634 intutum

218 660 322 721 orbem
336 655 412 718 recti
425 671 527 717 mores
540 661 744 715 revertentur:
766 661 909 730 parcetur
922 655 1037 731 ubique
1048 655 1198 717 manibus

184 743 313 818 2[tuis].
350 741 469 802 Diutius
490 737 668 799 memorari
690 737 738 798 hic
756 746 881 814 patere,
909 755 971 799 non
992 746 1025 800 ut
1044 738 1197 800 blandum

218 827 343 887 auribus
356 825 426 886 tuis.
455 838 511 882 nec
526 823 606 882 enim
620 822 670 882 hic
684 821 755 882 mihi
770 838 837 884 mos
852 830 909 884 est.
935 823 1091 884 maluerim
1107 824 1196 884 veris

218 910 375 972 offendere
391 924 481 982 quam
496 908 619 982 placere
634 906 803 966 adulando:
829 905 904 982 quid
918 923 992 982 ergo
1008 913 1077 967 estt
1102 924 1195 983 prae-

216 1001 262 1054 ter
282 991 328 1066 id,
351 991 435 1067 quod
456 991 534 1050 bene
556 990 644 1050 tactis
665 989 817 1066 dictisque
838 991 896 1051 tuis
912 1007 1004 1068 quam
1019 991 1195 1051 familiaris-

217 1075 327 1137 simum
341 1081 413 1137 esse
427 1083 456 1135 te
470 1075 577 1150 cupio,
599 1073 633 1134 ut
647 1073 731 1150 quod
746 1090 828 1135 nunc
840 1082 948 1135 natura
958 1081 988 1136 et
997 1074 1121 1149 inpetus
1133 1081 1194 1149 est,

217 1161 270 1221 fiat
284 1159 444 1234 iudicium,
464 1159 540 1220 illud
554 1173 673 1219 mecum
688 1158 868 1234 considero,
887 1159 998 1220 multas
1013 1173 1109 1244 voces
1127 1175 1193 1218 ma-

216 1259 309 1320 gnas,
335 1245 392 1304 sed
413 1241 623 1316 detestabiles,
651 1241 681 1301 iu
706 1242 797 1302 vitam
821 1241 983 1302 humanam
1009 1242 1194 1316 pervenisse

217 1328 418 1403 celebresque
433 1329 523 1402 volgo
540 1325 626 1398 terri,
649 1333 683 1386 ut
697 1325 793 1386 ittam=
814 1327 944 1400 odcn'ut,
966 1327 1036 1386 dum
1049 1333 1193 1388 metuant.

217 1413 266 1472 cui
289 1412 423 1472 Graecus
442 1426 552 1470 versus
573 1409 680 1469 simitts
694 1417 743 1470 est
757 1409 856 1486 iered,
881 1410 932 1486 qui
946 1425 982 1470 se
995 1417 1114 1470 mortuo
1129 1416 1192 1470 ter·

183 1501 279 1558 ttram
296 1493 418 1555 misceri
432 1494 552 1569 ignibus
565 1491 663 1567 iubet,
686 1501 715 1554 et
730 1494 789 1553 alia
803 1492 893 1553 huius
909 1501 1009 1554 notae.
1031 1509 1067 1554 ac
1081 1494 1192 1555 nescio

214 1580 374 1655 ¹quomodo
396 1578 517 1654 ingenia
537 1576 670 1636 inmania
690 1585 720 1638 et
740 1577 840 1638 invisa
863 1575 990 1638 materia
1013 1577 1192 1638 secundiori

217 1669 438 1737 expresserunt
460 1675 571 1720 sensus
591 1659 788 1722 vehementes
810 1667 841 1720 et
865 1661 1042 1722 concitatos.
1075 1661 1190 1722 nuttam

218 1743 1010 1819 adhucvocemaudiviexhonoieniqueanimosam.
1031 1744 1191 1821 quidergo
1258 1785 1259 1796 ι

217 1835 285 1889 esti
312 1834 346 1888 ut
365 1845 450 1899 raro,
472 1827 583 1888 inuitus
598 1834 628 1886 et
646 1843 714 1888 cum
729 1843 838 1902 magna
853 1828 1058 1902 cunctatione,
1081 1828 1123 1888 ita
1137 1830 1191 1888 ati·
1258 1843 1259 1868 t

219 1913 342 1988 quando
364 1911 482 1973 scribas
500 1925 629 1970 necesse
643 1919 691 1972 est
705 1911 802 1985 istud,
824 1912 907 1986 quod
922 1911 975 1972 tibi
989 1913 1019 1971 in
1035 1912 1139 1973 odium
1156 1912 1190 1971 ti-

218 2003 299 2056 teras
313 1996 455 2069 adduxit,
478 1995 550 2065 sed,
571 1994 650 2055 sicut
664 1995 751 2074 iacis,
777 2011 847 2055 cum
862 2011 972 2071 magna
987 1995 1190 2070 cunctatione,

218 2095 286 2140 cum
304 2080 404 2140 multis
420 2077 625 2138 ditationibus.
932 2129 934 2136 .
1257 2111 1258 2153 p

187 2172 202 2222 1
281 2163 329 2221 ill.
358 2163 396 2222 m
416 2177 454 2220 ne
475 2162 552 2221 torte
573 2161 706 2236 decipiat
725 2176 783 2223 nos
808 2162 986 2236 speciosum
1011 2162 1191 2222 clementiae

219 2261 329 2305 nomen
351 2245 516 2319 aliquando
531 2251 561 2302 et
577 2244 606 2302 in
623 2243 808 2305 contrarium
822 2245 967 2320 abducat,
991 2245 1189 2305 videamus

217 2326 311 2468 gum
333 2326 385 2388 sit
404 2328 608 2387 clementia
628 2329 839 2404 qualisque
860 2329 1073 2408 sitetquus
1089 2329 1192 2389 tines
1256 2281 1257 2375 E

245 2411 367 2472 abeat.

281 2494 445 2555 Clementia
452 2502 500 2556 est
510 2495 708 2571 temperantia
720 2495 809 2556 animi
822 2495 851 2554 in
865 2501 1015 2577 potestate
1022 2495 1193 2556 ulciscendi

218 2578 266 2636 vet
277 2578 385 2640 tenitas
397 2579 566 2653 superioris
578 2580 729 2638 adversus
741 2579 913 2639 interiorem
925 2578 954 2638 in
967 2579 1192 2640 constituendis

219 2661 338 2736 poenis.
370 2661 460 2720 Plura
476 2677 649 2737 proponere
662 2663 754 2722 tutius
770 2668 831 2735 est,
852 2678 890 2722 ne
905 2661 1071 2723 uuuflnitio
1085 2679 1193 2738 parum

217 2761 282 2803 rem
305 2745 535 2820 conprehendat
554 2751 598 2819 et,
626 2753 659 2804 ut
685 2745 727 2805 ita
751 2746 868 2818 dicam,
898 2747 1027 2806 turmula
1052 2746 1191 2806 excidat:
1254 2761 1255 2819 i

156 2825 159 2844 ‘
218 2826 322 2902 itaque
336 2828 396 2888 dici
411 2836 514 2902 potest
524 2835 554 2888 ct
565 2828 718 2889 inclinatio
731 2829 823 2888 animi
832 2830 873 2890 ad
883 2828 1036 2890 lenitatem
1048 2829 1079 2888 in
1090 2845 1192 2906 poena

189 2911 379 2985 derigenda.
416 2912 470 2970 Itia
491 2911 585 2972 tiuitio
608 2913 863 2974 contradictiones
878 2911 1028 2987 inveniet,
1051 2913 1191 2988 quamvis

217 2996 348 3054 maxime
363 2995 403 3054 ad
418 3011 523 3054 verum
538 2997 679 3055 accedat:
700 2996 726 3055 si
739 2993 905 3058 dixerimus
918 2996 1108 3058 clementiam
1121 3013 1191 3057 esse
1253 3005 1254 3038 t

218 3079 456 3139 moderationem
471 3079 586 3154 aliquid
597 3093 635 3138 ex
648 3079 754 3139 merita
764 3096 800 3140 ac
812 3080 913 3140 debita
925 3095 1028 3155 poena
1037 3081 1191 3162 remitten-

218 3167 293 3232 tem,
313 3161 527 3222 reclamabitur
543 3163 655 3222 nuttam
670 3162 809 3223 virtutem
822 3163 964 3238 cuiquam
974 3164 1075 3224 minus
1087 3163 1190 3225 debito
1252 3175 1253 3265 i

217 3244 329 3303 iacere.
354 3246 437 3321 atqui
449 3244 509 3307 hoc
521 3261 626 3306 omnes
639 3245 1098 3321 intelleguntctementiamesse,
1113 3263 1191 3324 quae

218 3342 252 3386 se
268 3325 362 3388 flectit
376 3330 451 3390 citra
464 3328 511 3400 id,
536 3330 619 3404 quod
634 3330 740 3388 merito
758 3331 899 3391 constitui
916 3340 1032 3406 posset.
1251 3363 1252 3378 ι

79 3447 81 3450 -
163 3418 204 3468 ··ι
281 3411 332 3470 lV.
354 3411 432 3471 Huic
448 3412 628 3472 contrariam
643 3413 763 3487 inperiti
783 3423 889 3489 putant
903 3416 1113 3476 severitatem
1136 3416 1191 3475 sed

216 3494 301 3552 uuita
319 3493 417 3553 virtus
440 3493 539 3554 virtuti
561 3495 712 3556 contraria
735 3504 791 3556 est.
826 3498 914 3573 quid
944 3515 1037 3573 ergo
1069 3515 1189 3575 oppo-
