2522 3906
243 231 347 290 DIAL.
369 232 421 292 ill.
450 231 501 290 DE
522 231 591 290 IRA
612 232 684 292 LIB.
704 234 726 292 I.
750 240 881 298 16—18.
1015 233 1060 299 49

82 401 133 446 nes
148 401 288 462 quoque,
304 385 336 444 in
352 384 464 460 quibus
479 383 554 444 solis
570 400 666 458 opera
680 385 855 446 iracundiae
871 387 1058 450 videturne·

83 471 225 543 cessaria,
240 471 336 530 multo
352 481 454 544 perse
468 468 546 528 ratio
562 467 668 528 tortior
683 475 751 528 est?
773 487 843 528 narn
858 487 926 530 cunr
941 473 1057 532 iudIea·

82 555 119 612 vit
131 553 245 628 aliquid
259 553 447 624 laciendum,
462 552 493 610 in
505 567 542 612 eo
559 559 747 626 perseverat.
768 552 841 612 nihil
856 553 936 613 eninr
947 557 1056 616 melius

82 637 233 702 inventura
248 643 297 695 est
312 650 347 696 se
362 635 446 710 ipsa,
465 651 527 710 quo
543 641 682 694 mutetur.
712 635 782 695 ideo
799 643 859 696 stat
873 639 966 696 semel
983 654 1055 698 eon·

82 720 199 780 stitutis=
220 719 299 778 iram
320 733 415 792 saepe
435 719 647 778 misericordia
665 725 747 778 retro
768 719 838 793 egit.
865 720 958 780 habet
977 721 1087 781 enims

82 819 135 864 nou
158 803 296 864 solidum
319 802 429 875 robur,
458 801 516 861 sed
541 817 653 861 vanum
677 809 827 862 tumorem
854 803 1058 880 violentisque

80 885 229 962 principiis
250 885 357 957 utitur,
380 901 442 944 non
464 885 549 944 aliter
570 899 660 958 quam
682 885 734 958 qui
755 901 774 944 a
793 893 873 946 terra
888 887 969 946 venti
989 905 1057 948 sur·

79 978 146 1043 gunt
165 977 196 1030 et
215 968 395 1029 fluminibus
409 965 637 1045 paludibusque
652 967 797 1043 concepti
808 970 874 1029 sine
890 971 1058 1044 pertinacia

78 1054 270 1113 vehementes
292 1060 378 1112 sunt:
405 1051 511 1126 incipit
536 1067 646 1125 magno
667 1052 787 1126 inpetu,
811 1053 922 1114 deinde
946 1055 1086 1114 delecit5

77 1145 139 1197 ante
160 1144 284 1210 tempus
306 1137 444 1210 fatigata,
466 1143 511 1207 et,
534 1150 614 1210 quae
629 1133 702 1194 nihil
722 1135 804 1196 aliud
819 1153 910 1212 quarn
925 1139 1056 1198 crudeli-
1079 1198 1081 1204 ,

29 1283 30 1288 ,
77 1227 210 1280 laternae
225 1235 308 1280 nova
323 1233 436 1293 genera
452 1233 621 1293 poenarum
634 1225 818 1293 versaverat,
836 1237 905 1280 curn
919 1223 1055 1281 animad-

28 1295 30 1374 ζ
76 1303 252 1364 vertendum
264 1310 320 1376 est,
336 1303 396 1362 iarn
411 1303 479 1375 [ira]
492 1303 588 1362 lracta
602 1301 743 1376 lenisque
758 1309 813 1361 est.
834 1304 983 1364 Adfectus
996 1306 1056 1365 cito

28 1431 29 1436 η
77 1388 167 1462 eadit,
184 1387 324 1461 aequalis
341 1393 389 1446 est
403 1385 490 1446 ratio.
520 1386 660 1446 Ceterum
675 1385 766 1444 etiarn
779 1385 832 1444 ubi
847 1389 1087 1460 perseveravitd

76 1471 129 1544 ira,
153 1485 402 1544 nonnumquam,
425 1471 450 1528 si
467 1471 571 1544 plures
592 1475 664 1528 sunt
685 1469 736 1544 qui
757 1470 857 1544 perire
873 1479 1056 1544 meruerunt,

77 1562 143 1627 post
163 1555 297 1614 duorum
317 1554 446 1613 triumve
466 1552 647 1628 sanguiuem
662 1553 803 1612 occidere
820 1553 941 1614 desinit.
969 1555 1058 1630 primi

77 1638 136 1697 eins
158 1639 239 1698 ictus
261 1652 350 1696 acres
371 1643 457 1708 sunt,
479 1637 559 1696 sieut
580 1637 767 1712 serpentium
788 1651 907 1699 venena
927 1653 946 1696 a
966 1638 1057 1698 cubili

76 1722 263 1797 erepentium
283 1725 410 1792 nocent,
432 1719 551 1780 innoxii
573 1721 681 1779 dentes
702 1725 789 1793 sunt,
815 1735 884 1780 curn
904 1721 973 1781 illos
996 1723 1054 1781 ire-

77 1821 170 1879 quens
188 1819 311 1865 morsus
326 1803 481 1863 exhausit:
497 1817 570 1878 ergo
586 1819 649 1863 non
664 1801 750 1877 paria
765 1801 920 1876 patiuntur
935 1806 987 1878 qui
1002 1812 1085 1880 pai

75 1888 115 1947 ria
128 1889 364 1961 commiserunt,
386 1893 416 1946 et
435 1901 532 1962 saepe
548 1885 599 1960 qui
615 1885 714 1961 minus
730 1887 894 1958 commisit,
917 1889 986 1961 plus
1003 1905 1056 1962 pa·

75 1973 153 2048 titur,
171 1972 247 2048 quia
261 1969 423 2031 recentiori
438 1967 578 2031 obiectus
594 1977 657 2030 est:
680 1976 711 2030 et
730 1969 760 2028 iu
775 1976 869 2030 totum
885 1970 1056 2045 inaequalis

75 2063 130 2115 est:
145 2057 243 2116 modo
259 2053 337 2114 ultra
352 2070 443 2129 quarn
457 2060 580 2128 oportet
594 2055 740 2128 excurrit,
756 2053 848 2114 modo
864 2053 987 2114 citerius
1003 2055 1055 2114 de-

74 2139 131 2200 bito
151 2138 279 2200 resistit.
309 2138 368 2198 sibi
385 2138 465 2197 enim
485 2135 675 2212 indulgeret
694 2154 733 2196 ex
753 2135 878 2197 libidine
898 2139 1012 2199 iudicat
1026 2145 1057 2199 et

74 2224 179 2282 audire
200 2239 262 2283 non
281 2221 348 2281 vult
367 2227 398 2281 et
418 2221 587 2298 patrocinio
608 2237 671 2282 non
690 2221 834 2296 relinquit
854 2223 954 2282 locum
969 2230 1000 2282 et
1018 2238 1056 2281 ea

73 2314 153 2367 tenet
174 2321 256 2382 quae
276 2305 389 2366 invasit
408 2313 438 2366 et
457 2303 533 2380 eripi
554 2303 612 2366 sibi
632 2303 777 2365 iudicium
798 2321 902 2380 suum,
924 2307 1013 2366 etiarn
1028 2306 1056 2365 si

73 2406 202 2464 pravum
217 2396 278 2461 est,
295 2406 357 2449 non
372 2388 452 2450 sinit.

132 2474 243 2535 XVIII.
269 2475 359 2534 Ratio
373 2475 493 2548 utrique
508 2473 586 2548 parti
600 2479 721 2550 tempus
736 2475 796 2534 dat.
827 2473 938 2532 deinde
960 2472 1084 2537 advo-1

75 2557 225 2620 tationem
246 2563 276 2618 et
296 2556 354 2618 sibi
381 2558 471 2632 petit,
496 2564 530 2617 ut
554 2557 755 2618 excutiendae
779 2556 898 2616 veritati
922 2555 1055 2630 spatium

73 2641 199 2703 habeat:
219 2640 266 2701 ira
287 2643 417 2701 festinat.
448 2639 524 2700 ratio
546 2640 577 2700 id
592 2643 728 2701 iudicare
742 2641 807 2700 vult
821 2639 906 2712 quod
923 2653 1056 2714 aequum

73 2735 132 2786 esta
145 2729 195 2786 ira
209 2726 242 2784 id
257 2741 387 2800 aequum
403 2723 500 2784 videri
515 2727 600 2802 [non]
615 2726 680 2785 vult
695 2723 779 2800 quod
793 2722 947 2786 iudicavit.
966 2723 1085 2789 Rarior

74 2810 111 2868 nil
132 2815 258 2886 praeter
278 2809 380 2883 Ipsum
394 2809 433 2868 de
448 2823 510 2884 quo
526 2808 624 2882 agitur
639 2814 773 2883 spectat:
795 2807 840 2866 ira
854 2807 942 2867 vanis
957 2814 988 2866 et
1002 2824 1055 2868 ex·

72 2901 116 2953 tra
136 2909 265 2953 causam
286 2891 521 2952 obversantibus
543 2899 761 2952 commovetur.
790 2892 893 2952 voltus
910 2891 991 2950 illam
1007 2906 1055 2950 se-

74 2979 272 3051 curior,·vox
286 2976 411 3050 clarior,
427 2991 529 3035 sermo
544 2975 681 3049 liberior,
698 2977 797 3036 cultus
813 2974 985 3047 delicatior,
1001 2973 1055 3032 ad-

72 3061 195 3122 vocatio
216 3059 420 3132 ambitiosior,
442 3059 530 3120 lavor
550 3059 709 3132 popularis
732 3064 926 3134 exasperant.
959 3071 1057 3132 saepe

71 3143 183 3206 infesta
204 3150 333 3218 patrono
354 3157 440 3202 reum
462 3143 598 3215 damnat,
624 3142 713 3202 etlam
739 3143 766 3202 si
790 3141 937 3216 ingeritur
958 3140 1057 3201 oculis

73 3229 202 3301 trenes,
223 3233 304 3286 amat
324 3233 354 3286 et
373 3233 474 3286 tuetur
494 3240 638 3285 errorem.
667 3225 791 3300 coargui
813 3241 875 3284 non
889 3225 955 3284 vult
975 3230 1005 3284 et
1025 3224 1056 3282 in

28 3311 30 3360 l
71 3315 147 3372 male
168 3309 292 3385 coeptis
310 3309 470 3370 honestior
488 3307 531 3368 illi
551 3307 718 3383 pertinacia
737 3308 856 3369 videtur
877 3323 968 3383 quarn
982 3313 1057 3382 poe-

71 3395 206 3455 nilentia.
236 3393 289 3453 Cn.
305 3393 375 3453 Piso
398 3393 452 3453 luit
471 3393 617 3453 memoria
635 3400 742 3452 nostra
761 3392 808 3450 vir
828 3392 961 3451 amultis
976 3391 1087 3449 vitiiss

28 3485 30 3538 l
71 3477 205 3553 integer,
228 3478 286 3538 sed
306 3493 421 3552 pravus
443 3484 472 3537 et
487 3476 536 3536 cui
550 3475 692 3552 placebat
707 3491 762 3554 pro
778 3474 950 3535 constantia
963 3471 1057 3542 rigor.

112 3583 218 3622 seneca
232 3581 302 3620 nura.
318 3565 338 3619 Ι.
835 3565 854 3616 4
