2546 3890
237 211 270 270 n.
285 209 374 270 anu.
389 209 521 272 sunno.
538 203 597 272 on.
607 211 826 272 eunomium
845 213 917 274 nm.
930 163 952 274 r.
974 225 1000 276 1.
1043 187 1106 280 cur
1259 211 1262 222 ’

131 361 271 422 strictum
292 361 444 436 apudme
463 362 576 420 terrum
597 367 658 433 est,
686 377 803 422 summa
817 363 1003 438 parsimonia
1012 367 1106 427 etiam

134 445 274 505 vilissimi
295 445 462 519 sanguinis.
491 460 581 504 nemo
602 461 680 520 uon,
701 445 751 504 cui
766 445 826 506 alia
839 447 953 521 dsunt,
973 449 1105 512 hominis

132 528 257 588 nornine
269 528 353 602 apud
367 542 416 587 me
430 528 583 602 gratiosus
598 535 654 588 est.
690 528 893 590 Severitatem
906 530 1055 606 abditum,
1077 541 1138 596 all

133 610 323 672 clementiam
335 609 365 669 in
377 609 537 686 procinctu
548 611 657 672 habeo.
679 612 939 687 sicmeaustodio,
951 622 1104 693 tamquam

132 695 268 768 legions,
289 711 367 769 quas
381 710 421 756 err
436 695 495 754 situ
510 711 547 754 ac
559 695 693 756 metris
704 695 735 754 ia
745 696 845 756 lacem
857 701 999 774 evocavi,
1014 700 1105 760 ratio

132 793 203 838 nem
221 777 397 839 redditurus
418 779 485 838 sim¹
527 779 661 839 Alterius
679 785 781 838 aetate
801 779 899 854 prima
912 789 1012 844 mutuus
1026 797 1106 858 sum,

133 861 258 924 alterius
278 860 391 922 ultima.
414 862 506 922 alium
527 861 664 936 dignitati
678 862 806 933 donavi,
831 863 921 924 alium
937 865 1105 928 luculum.

125 945 277 1028 'quotiens
296 946 411 1004 nullum
429 945 606 1005 inveneram
626 944 857 1006 misericordiae
870 963 1014 1024 *oausam
1034 950 1106 1010 mihi

132 1029 268 1107 peperci.
302 1029 400 1089 Hodie
415 1029 463 1089 dis
477 1029 703 1104 inmortalibus,
717 1028 744 1088 si
759 1045 777 1088 a
791 1031 1001 1092 moraliorem
1015 1047 1105 1108 repe

131 1120 212 1189 aaut,
241 1115 441 1174 adnumerare
461 1129 559 1188 genus
579 1113 744 1172 humanum
761 1119 885 1187 paratus
902 1129 981 1174 sum.
1015 1117 1137 1179 Potest>

131 1199 207 1270 hoc,
230 1197 357 1271 caesar,
380 1197 734 1271 audactarpraedioare,
757 1197 858 1256 omnia
874 1213 954 1273 quae
967 1199 996 1258 iu
1013 1199 1104 1260 fidem

131 1282 325 1356 tutelamque
350 1288 433 1342 tuum
455 1287 610 1354 uenerunt,
642 1283 864 1356 ditiumtosme
882 1283 1008 1354 scolari,
1033 1284 1105 1343 nihil

131 1381 189 1441 per
208 1371 361 1439 teneque
381 1365 410 1423 vi
430 1379 531 1438 neque
553 1365 629 1424 clam
649 1366 892 1440 [dumoiporlari
906 1367 1104 1440 reipublicae.

130 1448 329 1508 Rarissimam
347 1449 470 1508 laudem
484 1457 515 1508 et
533 1449 605 1509 nulli
621 1447 723 1510 adhuc
739 1447 908 1524 principum
924 1463 1104 1512 concussam

132 1532 317 1607 concupisti,
339 1533 551 1593 innocentiam.
578 1531 645 1593 Nou
659 1531 764 1607 perdis
777 1547 901 1606 operam
912 1547 970 1592 uec
983 1533 1104 1594 bonitas

10 1695 12 1698 Ι
129 1617 191 1676 ista
215 1622 270 1676 tua
294 1615 459 1690 singularis
479 1614 616 1691 ingratos
641 1624 694 1677 aut
718 1617 869 1690 malignos
892 1613 1104 1678 aestimatores

130 1703 221 1759 nacta
241 1705 298 1760 est.
326 1700 457 1761 refertur
476 1701 529 1761 tihi
544 1702 655 1776 gratia:
676 1715 766 1759 nemo
782 1717 861 1760 unus
876 1699 967 1761 homo
982 1701 1033 1761 uui
1049 1701 1104 1760 ho·

129 1783 204 1843 mini
224 1790 285 1842 tarn
307 1799 398 1843 carus
418 1799 564 1859 umquam
584 1786 640 1844 luit
660 1799 751 1858 quam
773 1791 805 1843 tu
827 1785 941 1857 populo
955 1785 1126 1856 Romano„

130 1882 272 1941 magnum
295 1867 488 1942 longumque
503 1867 570 1927 eius
590 1869 714 1927 bonum.
749 1865 811 1925 Sed
831 1866 938 1940 ingens
955 1867 1009 1926 tibi
1025 1878 1135 1933 onuss

130 1949 310 2024 inposuisti-t
337 1965 427 2010 nemo
448 1949 508 2010 iam
529 1951 631 2011 divum
645 1953 817 2024 ,augustum
834 1964 891 2008 nec
905 1950 1013 2008 Tiberii
1028 1947 1102 2009 Cae-

132 2034 211 2093 saris
228 2035 324 2106 prima
336 2041 477 2108 ¹tempora
491 2035 633 2108 loquitur.
660 2049 750 2093 nemo
766 2033 850 2107 quod
866 2041 895 2092 te
909 2033 1017 2092 imitari
1030 2034 1104 2094 velit

132 2118 303 2192 exemplar,
325 2125 412 2178 extra
432 2125 460 2177 te
481 2119 613 2191 quaerit:
643 2115 831 2192 principatus
852 2123 922 2176 tuus
944 2116 984 2176 ad
1003 2114 1105 2176 mrca-

129 2213 197 2260 sam
226 2199 364 2274 exigitur.
401 2201 531 2261 Difficile
551 2201 611 2262 hoc
626 2201 747 2274 suisset,
771 2200 797 2260 si
813 2215 874 2258 nou
888 2199 1034 2261 naturalis
1049 2199 1103 2259 libi

130 2284 190 2342 ista
209 2283 330 2344 bonitas
351 2292 448 2355 esset,
472 2286 528 2344 sed
549 2286 588 2344 ad
609 2291 729 2358 tempus
751 2291 882 2358 sumpta.
910 2299 999 2345 nemo
1022 2283 1103 2344 enim

114 2374 235 2442 -potest
255 2383 418 2442 personam
440 2368 493 2428 diu
513 2370 602 2428 ierre.
633 2368 704 2428 lictu
725 2369 783 2426 cito
806 2368 835 2425 in
856 2373 993 2427 naturam
1015 2383 1103 2428 suam

129 2451 279 2510 recidunt.
310 2451 421 2526 quibus
442 2453 554 2511 veritus
571 2451 689 2522 subest,
714 2447 869 2524 quaeque,
891 2457 924 2510 ut
938 2451 978 2508 ita
994 2450 1102 2522 dicam,

130 2549 171 2592 ex
191 2535 291 2594 solido
312 2541 511 2609 enascuntur,
532 2543 672 2608 ternpore
686 2532 755 2607 ipso
771 2533 801 2591 in
816 2533 914 2592 maius
931 2534 1102 2608 meliusque

130 2617 312 2692 procedunt.
352 2618 493 2692 Magnam
513 2617 628 2678 ¹adibat
654 2617 751 2676 aleam
776 2618 911 2690 populus
935 2617 1131 2688 Romanum

131 2716 200 2762 cum
220 2701 368 2762 incertum
388 2709 486 2776 esset,
510 2717 571 2777 quo
594 2717 629 2761 se
643 2705 700 2762 isto
716 2707 767 2760 tuo
784 2700 895 2759 nobilis
911 2698 1030 2758 indoles
1050 2699 1101 2758 da·

129 2791 191 2844 ret:
214 2785 273 2844 ium
293 2793 364 2846 vota
386 2785 509 2860 publica
528 2787 558 2844 ln
577 2792 640 2846 tuto
656 2793 735 2844 suut.
765 2784 916 2844 necerim
932 2782 1111 2857 periculum*

131 2875 191 2940 est,
213 2884 252 2927 ne
269 2876 297 2928 te
311 2868 411 2928 subita
428 2868 469 2928 tui
487 2871 586 2944 capiat
601 2869 723 2930 oblivio.
755 2867 839 2928 Facit
854 2867 976 2941 quidem
991 2865 1101 2926 avidos

129 2951 222 3010 nimia
241 2952 368 3012 felicitas
390 2967 447 3012 nec
467 2959 527 3012 tam
548 2960 734 3028 temperatae
755 2951 936 3026 cupiditates
953 2957 1024 3010 sunt
1037 2966 1100 3008 um-

131 3049 233 3108 quam,
248 3043 281 3096 ut
294 3037 324 3094 in
338 3052 384 3110 eo,
397 3037 481 3110 quod
493 3037 646 3111 contingit,
659 3037 808 3096 desinant.
829 3035 941 3108 gradus
954 3033 1101 3107 amagnis

130 3121 170 3177 ad
191 3119 307 3179 maiora
321 3119 356 3179 fit
370 3127 400 3178 et
416 3137 489 3194 spes
504 3119 738 3195 improbissimas
753 3120 985 3192 conplectuntur
998 3117 1101 3192 inspe-

127 3209 195 3262 rata
215 3202 368 3262 adseculi=
392 3205 533 3264 omuibus
554 3211 654 3263 tamen
673 3217 754 3262 nunc
770 3200 889 3262 civibus
904 3201 964 3261 tuis
980 3201 1101 3262 ethaeo

130 3287 287 3347 confessio
309 3287 499 3362 exprimitur,
519 3303 591 3347 esse
611 3288 731 3360 felices,
755 3293 785 3346 et
804 3286 871 3361 illa,
889 3283 962 3344 nihil
978 3286 1037 3344 iam
1052 3283 1100 3342 llis

129 3370 280 3429 accedere
299 3370 390 3432 bonis
406 3385 516 3445 posse,
538 3371 596 3430 uisi
611 3376 644 3429 ut
657 3376 805 3445 perpetuu
820 3370 890 3430 sint.
924 3369 1018 3427 Multa
1032 3368 1133 3427 illos&

129 3461 244 3527 cogunt
263 3453 303 3512 ad
321 3453 400 3514 hanc
421 3453 661 3528 confessionem,
684 3469 744 3528 qua
762 3455 843 3513 nulla
859 3453 889 3511 iu
904 3452 1026 3512 homine
1040 3457 1099 3509 lar-
1211 3448 1219 3464 ⁸
