2522 3906
264 251 367 312 blan.
392 253 445 312 lV.
478 252 530 314 nl:
550 255 621 315 IRA
638 255 711 316 LlB.
732 257 768 316 ΙΙ.
787 265 886 323 4-7.
1028 260 1073 325 δῖ’

79 407 115 462 tn
132 400 288 477 superbo,
312 400 402 476 quasi
420 403 615 478 magnificum
638 404 783 480 quiddam
804 409 1069 483 conspiciendum·

81 498 143 558 que
155 483 297 558 fecisset,
311 499 423 560 graece
436 488 652 561 proclamavit:
667 505 758 552 orem
772 488 907 566 rapiam!
927 491 1004 566 Quid
1018 493 1075 556 hic

78 581 137 627 rex
152 568 301 629 lecisset?
320 567 387 628 Non
408 569 464 632 tuit
485 569 591 630 haec
583 587 642 645 rra,
659 573 717 634 sed
730 574 829 634 maius
844 575 955 694 malam
970 579 1028 637 et'
1019 595 1065 637 rn-

80 651 231 712 sanabile.

141 734 195 793 Vl.
221 735 365 811 „Virtus,
387 736 500 813 inquit,
523 745 557 798 ut
575 737 716 800 honestis
736 681 830 802 rebus
852 688 985 818 propitia
1006 753 1097 819 esar

78 820 121 878 ita
140 819 285 894 turpibus
305 820 383 880 irata
405 836 477 883 esse
497 821 619 882 debet“
642 821 722 896 Quid
743 824 770 883 si
791 825 910 886 dicatur
924 827 1065 890 virtutem

79 909 110 962 et
128 901 274 964 humilem
294 911 325 964 et
343 919 483 980 magnam
499 921 571 966 esse
586 905 721 966 deberet
739 909 823 983 atqui
837 907 897 970 hoc
911 909 992 984 dicit,
1011 910 1065 986 qui

78 986 162 1046 illam
176 985 281 1064 extolli
297 989 362 1048 vult
375 995 406 1049 et
420 987 569 1064 deprimi,
563 989 726 1086 quoniam
739 991 854 1052 laetitia
868 993 908 1053 ob
922 1002 1005 1054 recte
1020 995 1063 1054 la-

77 1075 161 1132 ctum
183 1071 266 1131 clara
285 1071 511 1148 magnificaque
531 1081 592 1146 est,
620 1075 666 1134 ira
685 1074 725 1135 ob
746 1075 878 1136 alienum
903 1083 1064 1153 peccatum

76 1153 207 1214 sordida
227 1162 258 1215 et
277 1156 399 1230 angusti
420 1155 555 1232 pectoris
576 1165 632 1218 est
662 1173 721 1218 nec
739 1175 884 1234 umquam
899 1161 1100 1222 committeta

74 1237 191 1310 virtus,
206 1246 240 1298 ut
253 1238 340 1313 vitia,
358 1238 430 1300 dum
445 1239 618 1316 conpescit,
640 1240 786 1302 imitetur:
807 1243 907 1320 ipsam
920 1245 997 1304 iram
1012 1261 1062 1304 ca·

76 1321 252 1394 stigandum
276 1321 382 1400 habet,
409 1340 490 1400 qnae
513 1323 607 1384 nihilo
633 1325 740 1384 melior
766 1333 828 1400 est,
852 1343 947 1403 saepe
972 1328 1062 1388 etiarn

76 1405 166 1479 peior
188 1404 237 1465 bis
258 1407 393 1480 delictis,
415 1407 527 1482 quibus
549 1407 701 1468 irascitur.
734 1408 874 1469 Gaudere
895 1411 1063 1486 laetarique

75 1487 237 1563 proprium
252 1497 282 1550 et
296 1491 433 1550 naturale
447 1492 564 1554 virtutis
579 1499 640 1552 est:
663 1493 754 1552 irasci
769 1507 831 1552 non
850 1500 950 1554 estex
965 1494 1061 1570 diani-

74 1578 138 1632 tate
153 1573 237 1647 eins,
256 1589 317 1634 non
331 1575 430 1649 magis
446 1593 538 1650 quarn
553 1590 700 1636 moerere.
721 1577 806 1654 atqui
820 1576 997 1638 baeundiae
1010 1579 1061 1638 tri·

76 1655 159 1716 stitia
173 1671 278 1717 comes
293 1664 381 1718 estet
394 1659 425 1718 in
440 1658 521 1720 hanc
531 1660 631 1722 omnis
643 1657 689 1719 ira
698 1661 749 1720 vel
760 1668 833 1735 post
843 1659 1061 1736 poenitentiam

60 1740 124 1822 ¹vel
140 1747 215 1814 post
229 1741 383 1816 repulsam
397 1742 573 1803 revolvitur.
600 1743 639 1803 Et
658 1744 685 1802 si
699 1743 847 1818 sapientis
863 1752 910 1804 est
925 1744 1096 1820 pcccatisss

75 1823 183 1899 irasci,
206 1825 304 1898 magis
325 1825 475 1886 irascetur
488 1826 655 1888 maioribus
671 1833 701 1887 ct
715 1842 811 1902 saepe
826 1827 989 1888 irascetur:
1011 1844 1060 1888 se·

76 1909 193 1982 quitur,
215 1915 249 1968 ut
268 1925 329 1969 non
350 1916 467 1970 tantrun
484 1911 579 1970 iratus
595 1910 635 1970 sit
648 1909 789 1984 sapiens,
811 1909 868 1969 sed
882 1911 1060 1972 iracundus.

74 1993 158 2066 atqui
180 1991 208 2050 si
231 2007 288 2052 nee
302 2009 441 2068 magnam
464 1994 540 2053 iram
562 2009 620 2053 nec
640 1995 828 2068 frequentem
849 1995 880 2054 iu
894 1994 995 2054 animo
1011 2010 1059 2054 sa·

73 2075 187 2149 pientis
208 2077 312 2136 locum
331 2076 447 2136 babere
460 2077 630 2150 credimus,
654 2076 727 2152 quid
749 2085 810 2150 est,
833 2092 928 2153 quare
943 2093 1004 2138 non
1020 2093 1060 2137 cx

72 2165 135 2220 tcto
152 2158 238 2219 illum
251 2159 312 2220 boc
328 2161 451 2221 adiectu
464 2161 651 2222 liberamusr
665 2162 775 2222 modus
791 2161 894 2234 [eninr]
911 2176 983 2222 esse
997 2177 1058 2221 non
1069 2174 1094 2228 c·

71 2248 189 2317 potest,
212 2243 240 2302 si
261 2260 318 2318 pro
340 2245 421 2304 lacto
443 2244 593 2318 cuiusque
612 2245 809 2308 irascendum
828 2251 886 2304 est.
918 2261 988 2304 nam
1008 2253 1060 2306 aut

71 2326 198 2402 iniquus
219 2327 291 2401 erit,
313 2328 339 2388 si
354 2327 523 2404 aequaliter
537 2327 685 2388 irascetur
700 2326 818 2389 delictis
833 2327 1056 2402 inaequalibus,

72 2418 123 2470 aut
136 2410 410 2486 iracundissimus,
432 2412 459 2472 si
480 2410 590 2472 totiens
611 2411 809 2472 excanduerit
823 2411 966 2488 quotiens
981 2411 1060 2472 bam

72 2495 192 2554 scelera
205 2495 380 2555 meruerint.

131 2577 199 2636 Vll.
229 2577 268 2637 Et
289 2577 362 2654 quid
388 2577 542 2654 indignius
565 2596 657 2654 quarn
676 2578 824 2652 sapientis
844 2577 998 2636 adlectum
1018 2590 1086 2643 exc

70 2660 170 2720 aliena
196 2662 334 2736 pendere
360 2663 517 2738 nequitia?
540 2664 661 2723 desinet
686 2659 737 2720 ille
762 2659 932 2734 [Socrates]
962 2674 1058 2734 posse

69 2745 213 2806 eumdem
234 2747 350 2806 voltum
374 2747 497 2808 domum
517 2747 647 2818 reterre,
671 2759 763 2819 quem
783 2744 875 2805 domo
898 2744 1056 2804 extulerat.

69 2828 152 2904 atqui
175 2829 202 2890 si
224 2828 317 2888 irasci
338 2829 464 2905 sapiens
484 2831 612 2904 turpiter
633 2827 722 2888 lacos
745 2828 838 2888 debet
855 2833 887 2888 et
909 2827 1057 2888 concitari

68 2912 307 2987 contristarique
322 2913 362 2972 ob
377 2915 504 2987 scelera,
520 2913 594 2974 nibil
608 2919 657 2972 est
670 2912 884 2972 aerumnosius
900 2911 1055 2986 sapiente:

68 2993 168 3056 omnis
193 2997 238 3056 illi
263 3012 319 3071 per
344 2995 534 3058 iracundiam
558 3011 793 3072 moeroremque
818 2995 881 3055 vita
905 2993 1054 3054 transibit.

69 3083 152 3156 quod
174 3080 257 3140 eninr
276 3087 461 3140 momentum
476 3081 546 3154 erit,
567 3096 629 3154 quo
643 3097 705 3140 non
726 3078 920 3154 inprobanda
933 3077 1089 3138 videatur

67 3165 211 3239 quotiens
227 3164 416 3238 processerit
429 3164 537 3238 domo,
559 3179 616 3238 per
630 3166 799 3224 sceleratos
819 3161 861 3222 illi
879 3174 1056 3236 avarosque

66 3257 95 3308 et
115 3248 270 3325 prodigos
290 3254 321 3308 et
340 3247 517 3344 inpudentia
539 3255 570 3307 et
589 3246 629 3306 cb
649 3248 741 3307 istal
728 3247 833 3306 lelices
848 3244 1055 3306 incedendum

64 3333 130 3394 erit.
162 3347 320 3407 nusquam
342 3329 423 3391 oculi
447 3332 513 3392 eius
534 3329 709 3404 flectentur,
735 3338 849 3392 utnon
872 3329 955 3403 quod
975 3323 1053 3388 indi-

64 3425 198 3490 gnentur
215 3414 382 3476 inveniant
410 3415 546 3486 deliciet,
568 3414 595 3474 si
611 3415 721 3474 totiens
736 3431 757 3473 a
769 3429 804 3474 se
818 3413 893 3473 ιιιιιι
910 3411 1051 3486 quotiens

61 3515 158 3562 causa
179 3507 307 3576 poscet,
327 3498 471 3574 exegerit.
504 3497 589 3559 Haec
609 3505 654 3558 tot
672 3498 753 3558 milia
774 3496 814 3557 ad
835 3497 934 3558 lorum
954 3490 1084 3568 prima&
