2522 3906
201 211 399 274 ACCIDANT
421 209 502 272 CUM
521 209 783 274 PROVIDENTIA
802 209 870 270 SIT.
898 209 921 268 t.
938 209 975 269 Π.
1060 207 1080 271 5

88 363 206 426 virium
222 380 297 424 cura
312 371 374 438 est,
398 381 466 424 cum
481 363 655 424 fortissimis
676 365 849 440 quibusque
870 363 1037 440 confligere
1051 372 1082 426 et

90 451 222 525 exigere
241 449 281 508 ab
296 448 345 507 his
360 463 416 522 per
439 464 518 523 quos
533 448 689 508 certamini
704 455 938 524 praeparantur,
961 455 995 508 ut
1008 447 1080 510 totis

92 537 204 594 contra
215 531 307 608 ipsos
319 531 434 591 viribus
450 538 580 592 utantur.
601 531 688 591 caedi
700 547 736 591 se
747 533 915 607 vexarique
930 533 1083 608 patiuntur

91 624 122 677 et
135 616 165 677 si
179 633 245 676 non
257 615 417 676 inveniunt
430 615 569 696 singulos
580 631 680 690 pares,
696 616 834 690 pluribus
846 617 933 675 simui
946 617 1081 676 obiciun-

92 709 159 762 tur.·
173 699 295 760 Marcet
305 699 558 760 sineadvcrsan‘o
569 699 675 760 virtus.
697 705 769 760 tunc
780 701 909 774 adparet
919 707 1032 775 quanta
1044 700 1083 759 sit
1097 712 1115 763 4

96 790 310 858 quantumque
325 785 454 857 polleat,
476 798 544 843 cum
565 783 639 856 quid
660 784 759 858 possit
779 781 925 857 patientia
939 785 1081 844 ostendit.

94 867 187 928 Scias
209 867 282 927 licet
301 866 382 926 idem
401 867 475 926 viris
496 865 587 926 bonis
608 883 679 926 esse
694 867 882 940 iaciendum,
903 874 936 926 ut
952 868 1028 926 dura
1046 882 1083 926 ae

94 951 236 1011 difficilia
250 966 312 1010 nou
325 951 525 1010 reformident
538 965 595 1010 nec
609 951 647 1010 de
662 952 724 1011 tato
737 957 910 1026 querantur.
936 951 1081 1026 quicquid

95 1032 218 1108 accidit,
233 1033 305 1094 boni
321 1035 490 1106 consulant,
506 1034 537 1093 in
550 1033 665 1094 bonum
678 1041 806 1095 vertant.
838 1035 905 1094 Non
921 1036 1008 1109 quid,
1025 1034 1082 1094 sed

97 1118 358 1193 quemadmodum
370 1119 451 1178 ieras
464 1118 598 1178 interest.
616 1119 683 1177 Non
694 1118 793 1191 vides,
806 1125 919 1191 quanto
931 1117 1018 1177 aliter
1028 1134 1080 1194 pa·
1097 1135 1113 1186 5

95 1210 179 1274 tres,
190 1203 277 1261 aiiter
286 1207 398 1262 matres
410 1201 609 1276 indulgeant?
628 1203 670 1261 itii
682 1202 841 1262 exercitari
852 1195 958 1261 hbent
967 1202 1082 1262 liberos

97 1285 138 1344 ad
153 1285 256 1344 studia
268 1285 411 1344 obeunda
425 1292 556 1358 mature,
571 1286 686 1345 feriatis
698 1301 823 1360 quoque
834 1285 943 1345 diebus
955 1302 1016 1345 noo
1029 1301 1082 1362 pa·

97 1369 213 1428 tiuntur
231 1383 301 1428 esse
315 1369 434 1429 otiosos
449 1377 478 1429 et
492 1369 638 1430 sudorem
654 1370 714 1429 illis
730 1375 760 1429 et
774 1369 927 1429 interdum
941 1369 1083 1428 lacrimas

99 1453 267 1512 excutiunt.
295 1457 325 1512 at
345 1459 459 1512 matres
478 1454 584 1512 fovere
602 1454 632 1512 in
654 1453 738 1526 sinu,
762 1453 918 1513 continere
931 1451 962 1510 in
977 1450 1085 1511 umbra

101 1537 223 1607 volunt,
239 1551 405 1610 numquam
419 1535 511 1612 flere,
530 1553 695 1612 numquam
710 1536 896 1610 contristari,
917 1551 1084 1610 numquam

97 1617 251 1678 laborare.
272 1618 404 1680 Patrium
423 1621 500 1680 deus
522 1619 614 1681 habet
632 1621 783 1682 adversus
804 1619 904 1681 bonos
918 1620 1004 1680 viros
1020 1617 1115 1681 ani-6

98 1717 182 1762 mum
197 1707 229 1762 et
242 1701 311 1762 iilos
323 1703 440 1764 sortiter
450 1712 530 1764 amat
544 1711 588 1763 et=
610 1705 772 1779 operibus,
786 1704 897 1780 inquit,
913 1701 1082 1777 doloribus,

98 1785 221 1846 damnis
235 1785 443 1860 exagitentur,
465 1795 498 1847 ut
510 1802 618 1848 verum
633 1787 777 1862 cotiigant
789 1789 892 1848 robur.
924 1789 1084 1863 Languent

98 1885 156 1944 per
169 1867 309 1928 inertiam
324 1870 461 1944 saginata
476 1871 649 1930 nectabere
662 1878 789 1944 tantum,
806 1873 862 1932 sed
874 1879 959 1932 motu
971 1872 1082 1946 etipse

98 1954 147 2013 sui
163 1967 258 2012 onere
274 1953 426 2016 deficiunt
449 1971 510 2015 non
525 1955 583 2014 sert
593 1955 686 2014 ultum
701 1955 792 2014 ictum
808 1949 924 2015 inlaesa
939 1954 1081 2015 ielicitas=

99 2046 129 2098 at
144 2037 195 2096 ubi
208 2035 338 2098 adsidua
354 2038 409 2096 iuit
423 2053 492 2100 cum
508 2038 709 2100 incommodis
725 2039 791 2098 suis
806 2040 886 2110 rixa,
903 2039 1012 2098 catium
1028 2055 1083 2114 per

97 2120 227 2180 iniurias
242 2119 328 2180 duxit
341 2136 398 2180 nec
412 2122 465 2180 ulti
480 2123 560 2181 malo
576 2122 670 2194 cedit,
693 2123 749 2181 sed
764 2121 881 2181 etiamsi
897 2123 1020 2192 cecidit,
1044 2123 1083 2181 dc

12 2277 13 2280 Ἴ
97 2211 320 2279 genuapugnat.
348 2203 468 2266 Miraris
483 2212 531 2279 tu,
546 2206 573 2264 si
588 2206 665 2264 deus
683 2205 733 2264 ille
748 2205 896 2264 bonorum
911 2205 1080 2265 amantissi·
1096 2213 1113 2269 7

12 2297 13 2310 ’
97 2305 184 2360 mm,
207 2287 258 2361 qui
273 2289 341 2348 ilios
357 2305 448 2362 quam
465 2289 597 2364 optimos
615 2295 793 2368 essentque
807 2288 1082 2349 excellentissimos

13 2443 15 2456 .
98 2372 178 2444 vult,
200 2372 350 2432 fortunam
371 2372 431 2430 iliis
451 2387 520 2432 cum
542 2387 603 2446 qua
622 2379 822 2431 exerceantur
838 2371 1001 2446 adsignata
1023 2387 1082 2446 ego

13 2493 14 2500 κ
98 2471 174 2516 vero
189 2470 251 2513 non
266 2454 368 2514 miror.
403 2455 435 2514 Si
449 2449 614 2530 aliquando
629 2455 764 2529 inpetum
780 2455 921 2530 capiunt,
943 2462 1084 2530 spectant

13 2609 14 2622 χ
98 2539 128 2596 di
144 2553 274 2611 magnos
289 2539 373 2600 viros
389 2539 598 2600 conluctantes
613 2555 682 2598 cum
697 2537 800 2614 aliqua
815 2539 994 2598 calamitate.
1022 2539 1081 2597 No·
1095 2550 1114 2603 8

97 2620 146 2682 bis
162 2621 312 2681 interdum
324 2621 472 2696 voluptati
486 2630 548 2696 est,
564 2622 591 2682 si
606 2623 790 2682 adulescens
806 2619 975 2682 constantis
991 2621 1082 2680 animi

96 2703 267 2764 innuentem
283 2706 378 2764 ieram
393 2705 544 2765 venabulo
560 2707 696 2780 excepit,
713 2705 738 2763 si
752 2706 850 2764 leonis
865 2703 1022 2766 incursum
1037 2705 1081 2764 in-

96 2786 219 2848 territus
237 2788 369 2862 pertulit.
403 2796 547 2864 tantoque
573 2789 632 2848 hoc
653 2790 863 2862 spectaculum
884 2795 932 2848 est
954 2788 1080 2863 gratius,

14 2881 16 2886 ·
98 2878 213 2944 quanto
225 2870 257 2930 id
267 2870 425 2932 honestior
436 2873 515 2931 iecit.
543 2889 603 2931 non
613 2880 685 2932 sunt
695 2872 767 2944 ista,
783 2888 863 2947 quae
876 2874 996 2946 possint
1007 2874 1081 2932 deo-

96 2969 163 3012 rum
184 2951 216 3012 in
239 2968 275 3013 se
289 2957 404 3014 voltum
419 2963 615 3029 convertere,
637 2955 764 3030 puerilia
785 2963 815 3016 et
831 2957 982 3015 humanae
998 2957 1080 3016 oble-

98 3043 249 3096 ctamenta
263 3038 409 3098 levitatis:
432 3053 505 3097 ecce
517 3041 726 3112 spectaculum
741 3040 866 3114 dignum
880 3040 920 3098 ad
935 3040 1018 3112 quod
1034 3055 1080 3098 re·
1095 3048 1112 3102 9

96 3120 208 3194 spiciat
221 3120 356 3180 intentus
372 3123 458 3196 operi
471 3139 528 3182 suo
544 3121 637 3195 derue,
660 3137 734 3182 ecce
746 3139 802 3196 par
813 3123 873 3182 deo
886 3121 1018 3196 dignum,
1034 3122 1081 3182 vir

96 3204 183 3264 tortis
200 3218 269 3264 cum
284 3205 404 3264 fortuna
418 3206 498 3266 mata
513 3207 704 3280 conpositus,
723 3207 828 3280 utique
843 3207 869 3266 si
885 3212 915 3264 et
931 3223 1080 3281 provoca·

95 3289 147 3348 vit.
171 3287 239 3348 Non
256 3288 361 3362 video,
375 3287 514 3363 iuquam,
531 3289 604 3364 quid
619 3289 729 3350 habeat
742 3289 771 3347 in
788 3289 874 3348 terris
890 3289 1002 3364 iupiter
1014 3291 1078 3364 pui-

17 3427 18 3432 ,
97 3371 215 3444 chrias,
238 3371 266 3432 si
287 3379 464 3434 convertere
479 3373 611 3432 animum
626 3374 711 3443 vetit,
737 3388 827 3448 quam
845 3379 879 3431 ut
892 3380 1010 3445 spectet
1025 3373 1076 3430 Ca-

97 3463 198 3514 tonem
215 3455 275 3516 iam
288 3457 424 3530 partibus
439 3473 501 3517 non
518 3456 612 3516 semel
624 3456 727 3516 tractis
740 3462 869 3516 stantem
884 3455 1077 3514 nihilominus
