2546 3890
313 251 363 312 DE
386 247 744 311 clementinorum.
766 259 863 311 2—5.
1008 247 1072 314 301
1102 254 1106 263 “

101 407 207 466 nitur
234 401 487 463 clementiae?
527 401 770 473 Crudelitas,
795 418 874 476 quae
894 403 967 464 nihil
987 403 1070 463 aliud

102 497 150 549 est
170 503 259 563 quam
281 485 424 547 atrocitas
445 485 536 548 animi
551 485 581 545 in
597 485 756 560 exigendis
771 487 890 561 poenis.
926 485 988 546 Sed
1004 487 1069 562 qui·

100 574 173 632 dam
188 587 247 630 non
263 571 388 645 exigunt
400 585 532 645 poenas,
551 569 692 629 crudeles
705 577 804 629 tamen
817 577 901 639 sunt,
916 578 1070 644 tamquam

99 657 155 732 qui
178 655 298 730 ignotos
320 653 458 714 homines
477 659 507 713 et
521 652 629 713 obvios
644 669 704 712 non
722 653 750 712 in
767 653 986 728 conpendium,
1013 653 1070 714 sed

96 737 264 800 occidendi
285 754 379 798 causa
401 738 553 798 occidunt.
582 752 639 796 nec
660 737 828 796 interficere
850 737 981 798 contenti
1003 751 1070 796 sae·

98 824 202 893 vlunt,
223 828 256 881 ut
270 821 387 881 Busiris
401 821 450 880 ille
467 829 497 882 et
509 820 689 881 Procrustes
705 827 735 880 et
751 819 881 894 piratae,
898 821 948 896 qui
962 829 1070 895 captos

98 907 263 966 verberant
284 912 314 964 et
334 905 363 963 in
385 905 484 980 ignem
506 905 593 964 vivos
616 905 773 978 inponunt.
807 903 891 963 llaec
909 905 1105 965 crudelitasa

96 990 241 1065 quidemr
261 988 318 1048 sed
331 989 402 1063 quia
417 1004 474 1048 nec
487 988 632 1050 ultionem
648 987 799 1061 sequitur,
822 989 974 1048 nonenim
988 989 1072 1047 laesa

97 1081 165 1147 est,
186 1088 243 1132 nec
258 1079 386 1147 peccato
401 1071 490 1132 alicui
504 1071 659 1141 irascitur,
683 1071 797 1130 nultum
814 1073 892 1130 enim
908 1071 1073 1132 antecessit

96 1158 231 1227 crimen,
255 1161 341 1216 extra
364 1156 530 1218 finitionem
545 1163 678 1214 nostram
696 1155 785 1214 cadit.
814 1153 920 1226 [linitio
936 1156 1071 1216 contine-

100 1242 154 1300 bat
165 1241 194 1298 in
208 1238 317 1314 poenis
329 1238 488 1314 exigendis
499 1239 758 1314 intemperantiam
771 1238 882 1316 animi]
904 1238 1072 1299 Possumus

98 1324 205 1384 dicere
226 1340 287 1383 non
308 1337 380 1383 esse
400 1322 478 1382 lianc
499 1322 721 1394 crudelitatem,
750 1322 807 1382 sed
828 1322 995 1395 feritatem,
1025 1322 1072 1381 cui

100 1406 250 1482 voluptati
271 1406 398 1467 saevitia
412 1412 468 1466 est.
504 1421 671 1482 possumus
687 1405 836 1466 insaniam
853 1421 980 1466 vocare=
1002 1421 1072 1464 nam

101 1491 187 1551 varia
208 1498 280 1552 sunt
298 1505 412 1565 genera
431 1490 498 1550 eius
518 1497 548 1550 et
568 1491 680 1550 nullum
703 1489 814 1550 certius
836 1505 927 1564 quam
942 1489 1027 1564 quod
1043 1489 1072 1547 in

98 1574 215 1634 caedes
230 1573 385 1635 hominum
398 1580 429 1634 et
447 1573 626 1634 laniationes
646 1574 793 1648 pervenit.
830 1574 903 1634 lllos
916 1589 990 1648 ergo
1006 1589 1070 1632 oru-
1086 1579 1105 1634 3

101 1660 190 1718 deles
204 1658 338 1732 vocabo,
359 1659 410 1734 qui
427 1656 571 1733 puniendi
586 1673 710 1718 causam
724 1657 851 1731 habent,
873 1657 996 1718 modum
1012 1673 1072 1716 non

101 1743 229 1813 habent,
253 1741 332 1802 sicut
350 1742 381 1801 in
401 1741 534 1816 Phalari,
558 1757 647 1815 quem
663 1740 746 1805 aiunt
759 1756 819 1800 non
837 1741 960 1814 quidem
974 1741 1002 1800 in
1018 1740 1073 1800 ho·

101 1825 201 1885 mines
222 1826 415 1896 innocentes,
445 1825 501 1884 sed
522 1840 617 1900 super
639 1823 803 1883 humanum
829 1839 865 1882 ac
887 1823 1073 1902 probabilem

102 1909 226 1970 modum
242 1907 390 1969 saevisse.
422 1908 590 1968 Possumus
607 1905 742 1982 ellug'ere
756 1906 978 1967 cavillationem
991 1915 1020 1966 et
1034 1905 1086 1966 ita.

102 1993 210 2066 finire,
238 1999 271 2053 ut
296 1993 336 2052 sit
359 1990 523 2052 erudelitas
548 1991 701 2051 inclinatio
724 1989 816 2050 animi
842 1991 881 2050 ad
906 1991 1073 2066 asperiora.

103 2078 190 2136 Hanc
204 2074 363 2137 elementia
376 2075 496 2152 repellit
509 2075 599 2150 longe
613 2075 724 2136 datare
735 2089 753 2133 a
765 2089 814 2134 se:
837 2089 907 2133 nam
920 2074 1078 2135 severitati·

99 2157 400 2222 cumilloconvenit.
435 2159 490 2220 Ad
512 2174 588 2219 rem
608 2157 780 2234 pertinet
800 2173 986 2234 quaerere
1003 2156 1109 2220 lroct

104 2245 207 2316 loco,
231 2242 322 2320 quid
340 2243 394 2304 sit
414 2243 697 2304 misericordia.
722 2241 861 2317 plerique
875 2241 955 2302 enim
970 2247 1003 2301 ut
1015 2241 1075 2300 vir-

103 2335 199 2387 tutem
213 2343 281 2386 eam
296 2328 421 2388 laudaut
435 2334 465 2387 et
479 2327 592 2388 bonum
607 2325 760 2384 hominem
777 2331 888 2387 vocant
903 2325 1075 2385 misericor·

103 2412 185 2470 dem.
207 2410 245 2471 Et
258 2410 335 2469 haec
351 2409 453 2469 vitium
468 2411 558 2469 animi
569 2417 630 2469 esta
651 2414 781 2482 utraque
791 2409 872 2467 circa
883 2409 1074 2468 severitatem

103 2496 250 2569 circaque
271 2493 458 2553 clementiam
480 2493 580 2567 posita
599 2497 685 2563 sunt,
707 2506 786 2566 quae
807 2493 902 2550 vitare
917 2491 1075 2564 debemus,

102 2580 174 2656 [per
185 2579 311 2654 spectent
324 2579 535 2638 recordatione
545 2578 576 2636 in
586 2576 791 2637 crudelitatem
802 2574 978 2646 incidamus,
993 2575 1074 2651 neve]

105 2678 162 2737 per
176 2661 311 2736 speciem
326 2660 504 2721 clementiae
517 2661 547 2719 in
564 2658 814 2720 misericordiam.
836 2657 869 2716 ln
886 2655 946 2717 hoc
960 2657 1075 2716 leviore
1154 2709 1156 2713 .

105 2745 241 2820 periculo
263 2751 394 2816 erratur,
423 2744 478 2804 sed
501 2759 556 2819 par
576 2759 662 2803 error
675 2749 724 2803 est
737 2756 843 2818 avaro
857 2739 1074 2800 recedentium.

168 2828 207 2888 V.
224 2828 306 2903 Ergo
319 2827 573 2904 quemadmodum
587 2827 693 2900 religio
709 2825 787 2886 deos
802 2823 882 2899 colit,
899 2822 1075 2899 superstitio
1092 2839 1107 2890 1

104 2911 212 2985 violat,
239 2912 279 2972 ita
305 2911 494 2972 clementiam
522 2908 846 2984 mansuetudinemque
872 2922 978 2969 omnes
1003 2906 1076 2968 boni

104 2996 160 3054 viri
175 2995 387 3071 praestabunt,
403 2995 643 3055 misericordiam
657 3000 757 3054 aulem
774 2991 923 3052 vitabunt=
936 2997 985 3051 est
995 2989 1076 3050 enim

105 3080 206 3139 uitium
222 3077 325 3155 pusilli
338 3078 446 3152 animi,
462 3079 502 3138 ud
517 3078 652 3153 speciem
663 3077 831 3137 alienorum
842 3076 991 3136 malorum
1006 3091 1074 3150 suc·

101 3161 243 3224 cidentis.
265 3164 368 3239 itaque
383 3163 519 3238 pessimo
538 3161 649 3236 cuique
664 3159 898 3221 familiarissima
917 3165 980 3220 est:
997 3176 1074 3220 anus

102 3255 135 3307 et
148 3245 344 3308 mulierculae
358 3253 444 3321 sunt,
469 3261 548 3321 quae
563 3245 694 3304 lacrimis
710 3240 995 3306 nocentissimorum
1010 3259 1075 3304 mo·

104 3336 227 3402 ventur,
250 3345 343 3404 quae,
368 3330 395 3390 si
408 3329 527 3400 liceret,
550 3343 703 3388 carcerem
718 3327 924 3402 effringerent.
955 3327 1074 3388 Miseri-

103 3413 210 3474 cordia
226 3428 287 3472 non
304 3428 442 3487 causam,
458 3413 515 3474 sed
530 3413 680 3472 lortunam
695 3417 827 3486 spectata
850 3412 1010 3471 clementia
1025 3426 1073 3468 ra·

104 3497 177 3557 tioni
191 3496 320 3561 accedit.
356 3495 427 3558 Scio
448 3496 527 3556 male
548 3495 655 3556 audire
679 3495 761 3570 apud
786 3494 933 3572 inperitos
958 3498 1108 3553 sectamn
