2528 3906
164 244 206 306 92
455 245 487 302 L.
511 243 658 302 ANNAEI
680 241 854 303 SENECAE

165 411 347 470 comaeque
363 411 416 455 cor
431 409 521 454 suurn
532 391 684 468 quamfilii
698 391 878 452 transfixum
890 391 1015 451 videret.
1039 397 1148 466 potest

165 478 226 539 dici
239 479 346 540 merito
362 478 530 538 devorasse
544 475 650 536 verba.
678 490 747 534 nam
769 474 796 534 si
813 475 886 550 quid
901 482 1056 549 tamquam
1082 475 1145 534 ira-

132 569 150 624 6
163 571 213 624 tus
228 561 367 636 dixisset,
383 559 456 620 nihil
467 569 621 635 tamquam
635 565 721 635 pater
732 559 832 618 iacere
845 557 1005 634 potuisset.
1027 555 1146 633 Potest,

117 663 118 666 ¹
165 646 305 722 inquam,
326 643 425 704 videri
439 643 608 720 sapientius
624 657 659 702 se
673 642 704 702 in
719 641 771 702 illo
787 657 862 702 casu
876 641 1025 717 gessisse,
1049 657 1147 716 quam

166 745 234 789 cum
250 729 289 788 de
305 725 432 804 potandi
451 727 543 788 modo
558 726 750 802 praeciperet
763 729 822 801 leil,
845 741 936 801 quem
958 724 1055 786 satius
1075 732 1147 786 erat

164 813 267 872 vinum
285 827 376 886 quam
391 811 571 886 sanguinem
586 808 701 883 bibere,
723 810 811 870 cuius
827 825 935 869 manus
952 809 1070 884 poculis
1087 825 1143 869 oc·

165 893 271 971 cupari
287 911 349 970 pax
364 902 443 954 erat=
464 894 597 955 accessit
613 893 715 968 itaque
728 894 768 953 ad
785 907 942 952 numerum
958 907 1072 967 eorum,
1088 893 1146 966 qui

164 979 284 1052 magnis
305 977 445 1037 cladibus
467 977 682 1050 ostenderunt,
711 977 816 1052 quanti
837 983 1015 1037 constarent
1033 991 1144 1050 regum

165 1061 271 1121 amicis
285 1059 368 1122 bona
383 1061 520 1122 consilia.

134 1154 148 1205 1
224 1145 290 1205 XV.
311 1145 379 1205 Non
400 1144 506 1206 dubito
528 1145 600 1220 quin
616 1145 778 1219 Harpagus
800 1157 925 1218 quoque
946 1143 1006 1203 tale
1026 1142 1145 1219 aliquid

163 1228 229 1304 regi
245 1244 303 1290 suo
318 1227 544 1304 Persarumque
555 1229 703 1300 suaserit,
725 1241 787 1301 quo
804 1225 944 1288 offensus
968 1227 1083 1287 liberos
1097 1227 1145 1287 illi

165 1311 338 1388 epulandos
353 1312 498 1388 adposuit
512 1320 542 1373 et
556 1311 687 1372 subinde
703 1310 848 1386 quaesiit:
863 1327 903 1370 an
918 1311 1052 1386 placeret
1067 1326 1143 1371 con·

165 1395 273 1456 ditura.
301 1394 419 1458 Deinde
433 1403 466 1456 ut
479 1396 554 1456 satis
569 1396 650 1456 illum
667 1394 789 1470 plenum
804 1395 891 1454 malis
906 1393 972 1454 suis
987 1394 1070 1468 vidit,
1086 1395 1144 1454 ad—

166 1478 237 1538 ierri
251 1479 351 1555 capita
370 1479 490 1539 illorum
510 1479 600 1539 iussit
613 1486 644 1539 et
658 1477 813 1552 quomodo
829 1483 913 1538 esset
932 1483 1080 1552 acceptus
1095 1479 1144 1536 in·

165 1561 341 1637 terrogavit.
369 1561 436 1621 Non
452 1563 615 1622 doluerunt
632 1560 745 1621 misero
760 1559 863 1636 verba,
878 1577 939 1622 non
958 1577 995 1622 os
1010 1577 1143 1622 concur-

164 1646 218 1704 rit:
255 1645 360 1720 „apud
379 1659 498 1720 regem,
524 1645 636 1720 inquit,
664 1645 763 1704 omnis
786 1659 885 1706 coena
903 1645 1037 1706 iucunda
1062 1651 1145 1705 est.“

133 1728 150 1778 ‘2
165 1726 243 1801 Quid
256 1727 314 1788 hac
329 1726 503 1788 adulatione
518 1729 669 1804 proiecit?
689 1743 728 1788 ne
739 1728 779 1788 ad
792 1727 937 1804 reliquias
952 1729 1143 1789 invitaretur.

164 1811 229 1870 Non
238 1818 308 1872 veto
323 1817 440 1887 putrem
447 1812 591 1874 damnare
601 1813 683 1887 regis
699 1812 748 1872 sui
758 1813 879 1887 lactum,
893 1829 955 1874 non
964 1819 1034 1873 veto
1047 1829 1144 1888 quae-

164 1911 232 1954 rere
247 1893 368 1970 dignam
384 1902 445 1956 tam
460 1897 536 1956 truci
552 1903 692 1972 portento
707 1911 854 1971 poenam,
876 1897 932 1957 sed
947 1896 1006 1957 hoc
1020 1896 1144 1956 interim

138 1995 140 2000 ’
165 1979 286 2054 colligo,
309 1994 404 2056 posse
419 1979 507 2040 ctiam
523 1997 564 2040 ex
577 1977 751 2054 ingentibus
766 1979 854 2040 malis
873 1987 1048 2040 nascentem
1064 1981 1144 2040 iram

133 2063 150 2117 t
164 2063 313 2122 abscondi
328 2070 359 2122 et
372 2063 412 2122 ad
426 2063 522 2122 verba
536 2063 688 2124 contraria
703 2063 761 2122 sibi
776 2066 854 2138 cogi.
882 2062 1066 2124 Necessaria
1081 2065 1143 2124 ista

164 2153 212 2205 est
226 2145 343 2206 doloris
363 2145 536 2221 refrenatio,
551 2148 655 2223 utique
676 2146 736 2207 hoc
754 2146 868 2208 sortitis
890 2147 969 2208 vitae
990 2162 1089 2222 genus
1111 2155 1144 2207 et

164 2229 204 2288 ad
218 2229 333 2303 regiam
348 2227 491 2290 adhibitis
505 2246 658 2292 mensam:
680 2231 725 2290 sic
740 2237 825 2291 estur
839 2230 923 2306 apud
938 2229 1017 2304 illos,
1034 2231 1080 2291 sic
1095 2229 1142 2291 bi·

163 2311 257 2384 bitur,
280 2312 325 2372 sic
345 2313 566 2388 respondetur,
591 2313 749 2376 lunaribus
770 2315 835 2374 suis
856 2313 1055 2375 adridendum
1081 2322 1141 2376 est.

163 2396 211 2454 Au
226 2394 300 2455 tanti
321 2395 360 2457 sit
379 2396 441 2457 vita
459 2397 647 2459 videbimus:
668 2395 727 2458 alia
747 2397 806 2458 ista
827 2398 966 2472 quaestio
987 2405 1042 2458 est.
1071 2398 1141 2458 Non

165 2479 391 2540 consolabimur
416 2486 476 2540 tam
495 2482 579 2542 triste
599 2483 801 2556 ergastulum,
826 2497 888 2542 non
910 2481 1141 2542 adhortabimur

164 2562 271 2622 serre
263 2563 391 2639 imperia
405 2565 597 2626 camiiicum.
618 2565 846 2626 ostendemus
838 2582 868 2624 m
889 2565 971 2626 omni
992 2565 1140 2626 servitute

164 2655 298 2720 apertam
310 2647 535 2709 libertativiam
551 2649 1140 2754 siaegeranimuset[non]suovitiomi-

131 2732 215 2788 iser
226 2738 282 2803 est,
298 2731 369 2791 huic
384 2731 522 2792 miserias
532 2733 620 2792 finire
633 2747 739 2792 secum
754 2732 832 2791 licet.
852 2732 956 2792 Dicam
972 2709 1012 2792 et
1018 2733 1058 2790 illi
1062 2733 1141 2808 ,qui

163 2810 193 2870 in
212 2827 317 2910 regem
340 2813 445 2874 incidit
462 2816 580 2890 sagittis
595 2823 721 2890 pectora
741 2817 907 2876 amicorum
922 2823 1085 2890 petentem,
1109 2825 1142 2874 ct

163 2894 214 2965 illi,
236 2897 322 2955 cuius
338 2897 480 2958 dominus
501 2899 665 2960 liberorum
688 2898 857 2960 visceribus
882 2907 984 2974 patres
1009 2907 1142 2960 saturat.

166 2975 239 3050 quid
254 2979 361 3052 gemis,
378 2981 514 3055 demens,
532 2981 605 3057 quid
619 2989 793 3056 exspectas,
809 2990 842 3043 ut
855 2991 885 3043 le
899 2989 952 3042 aut
972 2983 1070 3044 hostis
1086 2984 1141 3042 ali-

165 3061 234 3134 quis
250 3077 305 3136 per
319 3061 442 3122 exitium
457 3065 556 3139 gentis
571 3073 641 3125 tuae
655 3065 790 3127 vindicet
804 3074 856 3126 aut
869 3081 924 3126 rex
939 3081 957 3125 a
971 3066 1142 3142 longinquo

163 3151 274 3217 potens
287 3145 432 3206 advoletl
451 3163 646 3224 quocumque
657 3148 844 3224 respexeris,
858 3148 1056 3210 ibimalorum
1069 3151 1142 3211 finis
1258 3149 1259 3164 ³

164 3232 226 3285 est:
248 3227 334 3288 vides
357 3229 440 3290 illum
462 3231 658 3305 praecipitem
679 3233 802 3309 locuml
826 3233 894 3292 illac
914 3233 953 3294 ad
971 3233 1141 3295 libertatem

164 3309 369 3371 descenditur.
399 3314 487 3374 vides
506 3315 579 3374 illud
595 3330 693 3388 mare,
714 3315 789 3376 illud
804 3314 927 3390 flumen,
948 3317 1028 3376 illum
1053 3325 1141 3391 pute·

165 3393 376 3454 umtlibertas
391 3395 452 3455 illic
467 3398 572 3456 inimo
589 3397 686 3458 sedet.
715 3399 803 3459 vides
819 3400 898 3458 illam
914 3399 1053 3460 arborem
1069 3401 1141 3460 bre·

164 3489 242 3548 vem,
259 3479 447 3550 retorridam,
464 3479 636 3538 infelicem?
664 3481 778 3553 pendet
801 3482 871 3541 inde
893 3483 1025 3543 libertas.
1048 3484 1140 3545 vides
1257 3479 1258 3505 ¹
