2522 3906
77 241 350 338 CONTUMELIAM
359 240 550 301 Acclamat:
562 241 999 303 SAPJENTEMmtv—xvtt.
1007 241 1046 304 31

76 400 162 454 reret
176 393 292 452 Domus
306 391 385 450 haee
401 389 549 465 sapientis
563 399 702 466 augusta,
718 393 783 452 sine
798 393 1074 472 cultu,sinestre-g

74 479 142 552 pitu,
163 475 232 535 sine
252 476 412 549 adparatu,
439 475 528 534 nullis
543 475 724 534 adservatur
738 474 915 536 ianitoribus
930 477 1046 536 turbam

74 561 168 620 venali
181 559 304 619 fastidio
321 559 537 633 digerentibus
553 558 609 617 sed
625 573 681 632 per
695 558 755 618 lro'c
769 559 858 618 limen
872 575 1003 620 vacuum
1018 567 1047 620 el

74 645 108 703 ab
123 642 257 704 ostiariis
272 642 400 702 liberum
414 641 535 702 louuna
550 657 610 701 nou
625 642 742 702 transit.
779 642 835 700 scit
849 658 910 701 non
926 658 997 702 esse
1011 641 1046 701 il-

73 729 106 785 llc
120 727 177 786 sibi
193 729 304 797 locum,
319 723 372 785 ubi
387 727 434 784 sui
449 725 521 784 nihil
537 731 592 784 est.

125 810 206 868 XVl.
237 807 353 882 Quodsi
367 807 520 882 Epicurus
535 824 667 883 quoque,
684 809 735 884 qui
747 807 870 884 corpori
886 811 1073 885 plurimum1

73 893 199 966 indulsit,
217 893 367 952 adversus
382 890 507 952 iniurias
519 892 663 972 exsurgit,
676 893 770 968 quiid
781 893 862 967 apud
876 911 933 954 nos
946 893 1042 953 incre·

73 977 158 1036 dibile
181 974 278 1035 videri
299 982 401 1049 potest
420 981 472 1034 aut
493 975 757 1049 suum-humanae
777 984 903 1036 naturae
922 993 1043 1036 mensu-

71 1065 151 1118 raml
186 1059 237 1119 ille
258 1059 299 1118 ait
313 1058 439 1118 iniurias
455 1059 629 1118 tolerabiles
644 1075 715 1118 esse
729 1060 873 1134 sapienti,
895 1076 951 1120 nos
967 1061 1039 1120 inlu·

71 1143 126 1201 rias
142 1159 204 1200 non
221 1157 301 1202 esse.
337 1157 394 1201 nec
410 1143 489 1202 euim
507 1147 563 1212 cst,
582 1143 665 1215 quod
680 1141 765 1202 dicas
781 1143 840 1202 hoc
856 1149 981 1204 naturae
994 1160 1042 1202 re-

72 1242 213 1299 pugnare.
242 1226 309 1285 Non
324 1241 471 1299 negamus
486 1240 549 1283 rem
564 1225 787 1284 incommodam
802 1241 873 1285 esse
888 1226 1071 1296 verberarip

70 1318 95 1369 et
108 1311 211 1385 inpelli
228 1317 258 1368 et
271 1310 374 1383 aliquo
390 1309 524 1368 membro
547 1323 667 1380 carere,
688 1308 744 1368 sed
766 1309 866 1367 omnia
880 1310 938 1370 ista
950 1325 1042 1384 nega·

70 1409 130 1452 mus
146 1392 277 1453 iniurias
293 1409 372 1453 esse.
415 1408 476 1451 uon
497 1408 621 1451 sensum
643 1389 702 1450 illis
717 1391 832 1450 doloris
848 1392 1041 1466 detrahimus,

70 1478 118 1535 sed
134 1493 247 1535 nomen
262 1476 398 1550 iniuriae,
415 1476 498 1550 quod
514 1491 574 1536 non
592 1481 695 1550 potest
707 1473 803 1549 recipi
819 1473 927 1534 virtute
946 1477 1041 1534 salva.

70 1560 135 1620 Uter
150 1562 255 1619 verius
271 1561 353 1618 dicat
366 1559 554 1620 videbimus=
584 1559 623 1617 ad
639 1564 842 1634 contemptum
859 1557 982 1634 quidem
997 1560 1041 1618 in·

70 1645 157 1704 iuriae
179 1653 308 1718 uterque
328 1643 487 1703 consentit.
527 1641 653 1716 Quaeris
670 1643 742 1718 quid
758 1643 836 1702 inter
850 1643 929 1704 duos
950 1643 1039 1703 inter-

71 1728 121 1786 sitt
143 1728 229 1802 quod
244 1727 321 1786 inter
334 1726 520 1800 gladiatores
536 1726 728 1798 fortissimos,
739 1742 867 1802 quorum
882 1729 958 1800 alter
973 1743 1040 1802 pre-

71 1811 116 1870 mit
130 1813 244 1870 volnus
260 1817 290 1870 et
306 1816 365 1869 stat
379 1811 410 1870 in
423 1811 536 1884 gradu,
565 1810 639 1868 alter
658 1809 829 1884 respiciens
847 1811 886 1870 ad
908 1812 1040 1870 claman-

70 1902 120 1952 tcm
136 1895 286 1970 populum
303 1893 454 1968 significat
469 1893 542 1952 nihil
557 1907 627 1952 esse
643 1900 672 1952 et
686 1892 831 1953 intercedi
847 1909 907 1953 nou
921 1894 1039 1967 patitur.

70 1978 127 2037 Non
142 1985 200 2049 est,
219 1977 302 2052 quod
321 1985 410 2052 putes
425 1993 577 2050 magnum,
595 1993 656 2050 quo
674 1973 874 2036 dissidemus:
890 1976 963 2035 illud
979 1993 1068 2056 paug

72 2061 103 2119 de
117 2061 231 2135 agitur,
249 2061 333 2136 quod
349 2077 441 2120 unum
457 2061 495 2118 ad
511 2076 567 2119 vos
584 2059 728 2134 pertinet,
756 2066 884 2134 utraque
900 2060 1040 2134 exempla

71 2143 228 2216 hortantur,
246 2152 439 2204 contemnere
454 2143 578 2202 iniurias
593 2150 623 2202 et
638 2159 714 2218 quas
729 2142 903 2202 iniuriarum
915 2142 1039 2202 umbras

70 2243 100 2286 ae
115 2227 310 2302 suspiciones
326 2226 468 2302 dixerim,
490 2228 703 2298 contumeliaS,
720 2227 759 2286 ad
775 2241 852 2302 quas
867 2225 1039 2300 despicien—

70 2310 118 2370 das
133 2329 193 2371 non
212 2312 352 2386 sapiente
367 2326 446 2386 opus
463 2318 510 2370 est
523 2311 598 2382 viro,
620 2311 676 2370 sed
691 2315 805 2370 tantum
820 2309 1037 2384 conspiciente,

19 2447 26 2460 ,
70 2395 115 2466 qui
134 2394 194 2454 sibi
215 2395 316 2468 possit
336 2393 453 2454 dicore:
475 2401 595 2466 „utrum
616 2393 721 2454 merito
737 2391 809 2452 mihi
823 2391 883 2452 ista
897 2393 1040 2452 accidunt

70 2492 101 2535 au
116 2479 275 2538 inmerito?
301 2479 327 2537 si
342 2477 465 2551 merito,
480 2493 539 2537 non
556 2485 603 2537 est
618 2475 806 2548 contumelia,
822 2473 966 2536 iudicium
981 2483 1037 2535 est.

70 2559 92 2617 sl
104 2561 258 2635 inmerito,
274 2561 315 2620 illi
331 2559 381 2635 qui
398 2561 510 2620 iniusta
525 2561 610 2634 lacit,
626 2560 868 2619 erubescendum
884 2563 960 2618 est.“
1002 2557 1066 2639 Et4

19 2653 20 2674 ³
70 2645 134 2716 quid
155 2652 205 2704 est
224 2645 296 2704 illud
320 2645 404 2718 quod
426 2645 606 2704 contumelia
628 2643 759 2702 dicitur?
800 2642 829 2700 ln
851 2642 958 2716 capitis
981 2642 1038 2700 mei

68 2727 229 2788 laevitatem
254 2729 372 2788 iocatus
393 2736 440 2789 est
460 2734 490 2786 et
510 2729 539 2786 iu
562 2727 718 2786 oculorum
740 2723 934 2785 valitudinem
955 2731 985 2784 et
1009 2725 1038 2784 in

19 2877 21 2894 ᾗ
69 2825 180 2872 crurum
196 2810 394 2886 gracilitatem
416 2817 446 2870 et
459 2812 488 2870 in
505 2819 664 2872 staturam:
689 2825 767 2884 quae
784 2809 967 2869 contumelia
981 2816 1036 2882 est,

67 2896 140 2968 quod
158 2896 289 2969 adparet
310 2893 438 2954 audiret
473 2893 580 2954 Coram
604 2909 665 2953 uno
688 2891 801 2968 aliquid
821 2893 936 2954 dictum
957 2893 1037 2954 ride-

65 2993 139 3051 mus,
160 2993 267 3038 coram
290 2978 428 3053 pluribus
446 2977 640 3052 indignamur
661 2985 691 3036 et
712 2991 816 3042 eurum
833 2977 900 3037 aliis
917 2977 1037 3036 liberta-

65 3069 114 3122 tem
128 3079 192 3122 non
208 3061 420 3138 relinquimus,
437 3077 515 3136 quae
530 3060 589 3136 ipsi
604 3061 633 3118 in
647 3075 704 3120 nos
715 3060 817 3120 dicere
830 3061 1037 3122 adsuevimus.

63 3143 133 3206 locis
148 3146 329 3221 temperatis
344 3146 537 3218 delectamur,
553 3143 712 3204 inmodicis
728 3141 896 3203 irascimur.

116 3227 213 3290 XVll.
247 3229 441 3306 Chrysippus
456 3229 497 3289 ait
512 3228 664 3302 quendam
679 3227 882 3300 indignatum,
906 3228 990 3302 quod
1004 3228 1064 3299 il-1

19 3297 21 3374 ἶ
64 3312 114 3376 lttm
129 3313 245 3387 aliquis
268 3327 470 3372 vervecem
497 3311 679 3371 marinum
695 3310 833 3369 'dixerat
869 3311 902 3370 ln
928 3318 1038 3370 senatu

19 3421 20 3444 r
62 3391 177 3457 llentem
193 3395 328 3456 vidimus
349 3394 455 3455 Fidum
475 3395 660 3468 Cornelium,
682 3393 815 3453 Nasonis
832 3391 930 3454 Ovidii
945 3407 1037 3467 geue-

61 3493 134 3555 rum,
162 3496 234 3541 eum
258 3478 344 3540 illum
365 3478 495 3540 corbulo
517 3475 863 3539 struthocamelum
885 3475 1035 3548 depila-
