2528 3906
202 191 264 254 140
378 193 413 252 L.
435 191 583 253 adunat
601 191 783 252 SENACAE
802 193 905 252 alae.
924 193 993 254 Vll

201 359 239 405 eo
255 343 386 418 quisque
397 342 439 404 ab
462 357 500 402 ea
519 341 641 416 lougius
654 343 794 416 recedat,
816 359 877 418 quo
893 345 934 404 ad
944 345 1026 404 illam
1040 345 1186 406 concita-

201 426 261 488 tius
286 429 396 499 leram,
421 427 448 489 si
472 424 523 490 ria
546 427 653 500 lapsus
679 433 740 485 est:
767 443 850 501 qaae
864 427 918 487 abi
938 428 970 487 iu
989 428 1187 488 eontrarium

201 511 294 582 ducit,
308 509 378 584 ipsa
392 509 539 569 velocitas
552 509 677 570 uniaris
689 509 840 570 interualli
854 525 951 570 causa
963 510 1006 570 lit.
1029 511 1103 571 Pro
1111 527 1133 586 p
1143 527 1183 570 a·

201 594 365 653 neudum
385 601 444 652 est
459 593 599 667 'ltaque
617 593 794 668 primum,
815 593 908 666 quid
924 593 979 652 sit
995 595 1098 670 quod
1111 594 1182 652 ad·

202 683 387 751 petamus.
426 683 518 735 tuuc
547 675 958 750 circumspiciendum,
985 679 1062 751 qua
1088 693 1182 736 con·

201 761 367 820 tendere
386 759 458 820 illo
479 759 685 820 celerrima
705 761 920 834 possimus,
946 759 1131 822 intellecturi
1150 762 1186 819 in

202 845 272 917 ipso
289 843 412 915 itiumc,
434 842 567 902 simodo
584 843 787 917 acclamarit,
810 850 955 918 quantum
973 843 1086 904 cotidie
1109 859 1182 918 pro-

203 926 327 1001 algetur
344 931 523 1001 menteque
539 927 673 1000 propius
695 927 734 986 ab
752 927 926 996 eoseum,
953 928 994 986 ad
1015 927 1102 1002 quod
1123 941 1187 987 aas

173 1008 355 1084 acupiditae
370 1007 516 1070 naturalis
531 1007 657 1083 inpellit
688 1009 838 1082 Quarudiu
853 1010 976 1084 quidem
990 1009 1111 1085 passim
1129 1025 1184 1070 vo-

205 1109 311 1168 gamur
324 1109 386 1154 non
401 1093 510 1161 ducem
527 1092 635 1162 seculi,
656 1093 713 1152 scd
728 1094 923 1152 tremitumet
937 1093 1101 1156 clamorem
1117 1091 1184 1152 dis-

204 1193 315 1236 sonum
336 1176 367 1236 ia
388 1176 512 1240 diversa
528 1175 716 1248 vocantium,
739 1183 913 1237 conteretur
928 1177 990 1237 vim
1002 1175 1082 1236 iuter
1096 1191 1182 1236 erro·

203 1275 255 1318 rcs
279 1256 398 1332 brevis,
417 1259 537 1320 etiamsi
559 1260 627 1320 dies
645 1267 816 1335 noctesque
838 1261 937 1320 bonae
951 1261 1043 1320 menti
1059 1259 1181 1320 labore-

204 1360 289 1403 mus=
317 1344 499 1404 decernatur
516 1344 633 1416 itaque,
652 1349 684 1402 et
705 1359 765 1418 quo
785 1343 946 1406 tendamus
968 1349 999 1402 ct
1019 1357 1096 1418 que,
1118 1357 1183 1402 noa

206 1427 272 1488 siue
296 1427 392 1500 perito
408 1427 527 1500 aliquo,
550 1427 599 1486 eui
614 1427 775 1500 explorata
790 1427 853 1486 sint
864 1442 912 1500 ea,
927 1427 958 1484 in
974 1440 1053 1501 quae
1070 1441 1181 1500 proce·

205 1509 321 1582 dimus,
341 1511 488 1583 quoniam
508 1504 631 1583 quidem
650 1526 713 1570 uou
733 1510 841 1569 cadem
863 1509 913 1571 hic
929 1509 1053 1583 quaein
1069 1508 1185 1569 ceteris

206 1591 501 1666 peregrinationibus
526 1593 666 1653 condicio
689 1598 752 1654 esa
779 1592 889 1652 inillis
911 1607 1104 1667 conprensus
1126 1591 1182 1652 ati-

207 1675 275 1750 quis
291 1675 379 1736 times
397 1683 427 1735 et
440 1674 748 1750 interrogati-incolae
763 1693 824 1736 uon
839 1676 992 1752 patiuntur
1009 1689 1122 1736 errare.
1150 1681 1184 1736 at

205 1758 267 1818 hio
304 1759 517 1818 tritissima
552 1775 730 1833 quaeque
762 1759 893 1819 viaet
923 1758 1184 1820 celeberrime

178 1843 366 1906 smaximc
390 1841 549 1916 decipit.
581 1841 660 1900 ltlibil
679 1858 753 1916 ergo
769 1843 866 1916 magis
886 1841 1104 1916 praestandum
1123 1849 1183 1912 est,

206 1941 296 2000 quam
312 1941 351 1984 ue
366 1941 512 2000 pecorum
526 1925 584 1984 ritu
604 1941 769 1999 sequautur
785 1924 1027 1987 antecedentium
1046 1939 1183 1998 gregem,

205 2015 368 2082 pergentes
383 2025 443 2068 non
460 2023 522 2082 quo
538 2008 672 2067 eundum
685 2013 747 2082 est,
763 2009 821 2068 sed
834 2024 897 2082 quo
910 2009 978 2070 itur.
1000 2007 1083 2082 atqui
1098 2007 1184 2068 nulla

205 2105 256 2150 res
270 2107 329 2150 noe
343 2089 509 2150 maioribus
524 2090 611 2150 malis
625 2091 758 2166 inplicat,
775 2107 866 2166 quam
882 2091 966 2165 quod
977 2090 1016 2152 ad
1026 2104 1185 2150 rumorem

206 2173 547 2246 conponimur-,optima
560 2173 616 2233 reti
630 2189 676 2246 ea,
692 2190 771 2250 quae
785 2189 896 2248 magno
908 2175 1046 2236 adsensu
1056 2178 1185 2245 recepta

207 2263 279 2315 suut
289 2257 434 2332 quodque
445 2257 671 2333 exemplalpro]
681 2257 769 2318 bonis
781 2259 875 2318 multa
885 2255 1183 2328 suatuecadratio-

206 2355 277 2398 nem
294 2340 352 2398 sed
365 2340 406 2398 ad
426 2339 650 2400 similitudinem
669 2341 815 2401 vivimus.
836 2341 908 2400 inde
928 2342 986 2400 iste
1005 2347 1090 2400 tanta
1110 2353 1183 2398 coa-

176 2423 340 2485 lcervatio
365 2424 492 2484 eliorum
516 2440 610 2498 super
630 2424 707 2484 alios
723 2425 882 2484 ruentium.
914 2423 1002 2496 Quod
1027 2424 1056 2482 in
1078 2429 1186 2496 strage

206 2506 362 2568 homiuum
383 2523 493 2582 magna
515 2509 629 2579 evenit,
656 2523 724 2566 cum
749 2508 818 2581 ipse
843 2523 878 2568 se
903 2509 1036 2582 populus
1062 2506 1184 2580 premit,

206 2607 296 2651 nemo
311 2591 353 2652 ita
368 2591 462 2665 cadit,
484 2598 517 2652 ut
530 2607 591 2653 nou
612 2597 642 2652 et
655 2591 747 2654 alium
761 2591 791 2650 in
806 2606 841 2652 se
856 2590 1007 2662 adtrahat,
1029 2587 1186 2664 primique

206 2675 299 2734 exitio
315 2675 514 2749 sequentibus
529 2681 609 2746 sunt,
626 2671 686 2733 hoc
700 2672 730 2732 iu
746 2674 827 2734 omni
841 2673 904 2732 vita
918 2673 1057 2732 accidere
1072 2671 1185 2731 videas

205 2757 291 2816 licet.
314 2773 413 2834 nemo
425 2755 484 2822 slot
504 2757 725 2838 tantumnodo
733 2763 830 2830 errat,
846 2757 905 2822 sed
919 2755 1008 2822 abent
1019 2756 1138 2815 erroris
1153 2761 1186 2814 et

207 2854 302 2898 causa
315 2847 345 2898 et
359 2848 464 2900 auctor
479 2828 535 2900 cst.
563 2848 654 2905 nocet
674 2841 752 2906 enim
768 2839 915 2914 adplicari
930 2837 1184 2899 antecedentibus

206 2927 237 2980 et
251 2923 322 2981 dum
337 2923 551 2998 unusquisque
565 2925 680 2983 mavult
691 2925 817 2982 credere
832 2939 923 2996 quam
933 2921 1079 2996 iudicare,
1095 2937 1183 2980 num-

207 3005 359 3082 quamde
380 3005 440 3066 vita
456 3005 621 3080 iudicatur,
640 3021 765 3080 semper
786 3007 918 3066 creditur
938 3013 1103 3078 versatque
1123 3020 1184 3064 nos
1243 3017 1244 3022 ’

207 3096 237 3146 et
259 3089 438 3164 praecipitet
458 3091 585 3150 traditus
605 3106 661 3165 per
681 3105 790 3148 manus
811 3104 897 3148 error
917 3089 1088 3162 alienisque
1102 3088 1183 3162 peri·
1243 3031 1244 3172 l

175 3180 274 3231 smus
297 3173 461 3248 exemplis·
482 3173 670 3242 sanabimur,
694 3171 721 3230 si
742 3173 834 3232 modo
857 3187 1036 3248 separemur
1050 3187 1069 3230 a
1083 3178 1183 3230 coetu.

207 3268 287 3316 nano
309 3271 381 3318 rere
401 3263 462 3319 stat
480 3262 554 3318 cont
555 3271 589 3317 ra
604 3255 754 3318 radonem
769 3256 915 3322 delemur
929 3255 999 3319 mali
1016 3255 1064 3320 sui
1083 3269 1182 3328 popu

206 3337 265 3398 lus.
297 3339 401 3412 itaque
424 3339 456 3400 ld
477 3337 578 3402 evenit
599 3338 712 3413 quod
704 3356 735 3401 m
762 3339 907 3412 comitiis,
931 3337 962 3402 ia
988 3337 1100 3411 quibus
1125 3351 1182 3398 eos

205 3421 304 3483 tactos
323 3437 394 3482 esse
409 3428 569 3496 praetores
586 3421 678 3485 iidem
694 3421 745 3496 qui
762 3419 1037 3495 recusabatur,
1057 3433 1127 3483 oum
1147 3435 1184 3482 se
1243 3439 1244 3496 t
