2554 3888
196 239 259 304 230
392 241 425 298 L.
447 239 594 299 nonnul
614 237 789 300 SENECAE
809 238 912 300 plat.
926 239 976 300 XI.

198 394 309 470 dirige=
332 391 529 454 siccabuntur
540 391 664 456 maximi
677 399 708 466 et
722 392 881 452 clarissimi
893 399 1062 468 conspectu
1073 397 1171 453 numi·

197 479 255 539 nis.
289 478 389 552 fulgor
406 478 473 538 eius
494 478 578 550 illos,
606 484 639 536 ut
659 475 732 536 nihil
753 476 839 536 aliud
862 477 982 550 possint
998 476 1170 552 adspicere,

168 561 399 640 epraestrlnget
413 568 443 622 et
459 561 488 620 in
505 577 540 620 se
554 561 715 620 haerentes
733 560 886 620 detinebit.
918 560 975 620 Hic
989 559 1056 636 tibi,
1078 577 1169 635 quem

162 669 164 672 ·
196 655 229 706 tu
250 645 357 706 diebus
378 645 503 706 intueris
526 659 562 704 ao
582 643 736 717 noctibus
764 660 782 702 a
806 659 867 718 quo
889 659 1054 719 numquam
1073 645 1169 705 deicis

198 730 344 802 animum,
368 729 547 803 cogitandus
568 735 630 799 est,
648 727 696 788 lric
717 737 823 788 contra
844 729 994 788 loctunam
1014 728 1170 788 advocan-

197 814 266 873 dus.
305 827 362 871 nec
377 811 495 885 dubito,
513 826 581 870 cum
596 818 679 871 tanta
692 810 735 870 illi
750 811 900 872 adversus
916 827 1024 872 omnes
1042 827 1118 873 suos
1131 813 1171 873 sit

196 895 400 956 mansuetudo
424 904 567 970 tantaque
586 895 789 970 indulgentia,
809 895 882 970 quin
897 895 957 956 iam
971 896 1072 956 multis
1088 897 1170 956 sola-

195 979 245 1040 tiis
261 987 344 1039 tuum
361 979 567 1039 istudvolnus
580 978 756 1049 obduxerit,
780 981 888 1054 multa,
912 979 1169 1054 quaedoloriob·
1210 1004 1213 1010 ¹

196 1069 312 1123 starent
331 1069 399 1136 tuo,
425 1062 624 1136 congesserit.
662 1061 740 1136 Quid
762 1067 877 1137 porro‘t
904 1071 936 1123 ut
959 1062 1034 1122 nihil
1059 1063 1170 1124 horum

197 1147 315 1220 iecerit,
341 1161 443 1205 nonne
463 1146 602 1220 protinus
621 1146 690 1220 ipse
711 1153 896 1221 conspectus
917 1161 973 1221 per
989 1163 1024 1206 se
1039 1153 1169 1207 tantum-

169 1231 288 1290 5modo
310 1229 523 1305 cogitatusque
544 1229 657 1289 Caesar
678 1228 810 1291 maximo
831 1229 942 1291 solatio
959 1231 1013 1290 tibi
1028 1238 1096 1291 estt
1131 1231 1169 1292 Di

196 1313 279 1373 illum
296 1314 435 1388 deaeque
446 1311 534 1373 terris
547 1313 599 1374 diu
611 1313 812 1374 commodent.
835 1313 1170 1390 actahicdiviAugusti

197 1403 323 1472 aequet,
344 1413 443 1457 annos
456 1397 564 1458 vincat.
600 1397 744 1472 quamdiu
758 1397 835 1458 inter
849 1397 986 1458 mortalis
1002 1397 1072 1471 crit,
1094 1399 1171 1458 nihil

196 1496 235 1539 ex
251 1481 342 1541 domo
359 1497 416 1541 suu
430 1483 556 1541 mortale
571 1495 643 1542 esse
657 1481 775 1542 sentiat.
795 1489 945 1543 rectorem
959 1483 1096 1542 Romano
1113 1483 1167 1541 im-

196 1565 281 1638 perio
302 1563 396 1623 lilium
416 1566 508 1638 longa
525 1563 586 1622 lide
601 1565 751 1640 adprobet
765 1572 796 1625 et
809 1573 879 1626 ante
894 1567 975 1626 illum
991 1573 1167 1626 consortem

195 1647 291 1720 patris
314 1663 405 1722 quam
432 1663 645 1708 successorem
671 1649 830 1724 adspiciat.
861 1657 981 1709 seruet
1001 1648 1166 1724 nepotibus

195 1729 316 1789 demum
337 1731 451 1791 nostris
472 1731 538 1790 dies
559 1737 631 1792 nota
652 1733 706 1806 sit,
731 1750 793 1807 qua
808 1733 892 1794 illum
911 1749 988 1808 gens
1006 1749 1063 1794 sua
1078 1735 1165 1794 coelo

195 1813 327 1874 adserat.

167 1905 180 1955 1
256 1897 334 1957 Xlll.
364 1905 430 1972 [32]
452 1899 581 1961 Abstine
598 1900 636 1959 ab
651 1899 710 1962 hoc
724 1917 832 1963 manus
848 1909 931 1978 tuas,
953 1904 1088 1978 lortuna,
1109 1919 1167 1966 nee

86 2049 89 2055 ¹
194 1981 224 2040 in
240 1981 298 2043 isto
314 1983 480 2057 potentiam
495 1991 575 2044 tuam
592 1983 651 2043 nisi
668 2000 704 2044 ea
718 1993 819 2061 parte,
843 2003 905 2062 qua
917 1987 1045 2062 prodes,
1063 1996 1165 2049 osten-

195 2064 287 2124 deris.
320 2073 425 2140 patere
445 2067 528 2126 illum
548 2068 651 2141 generi
667 2067 799 2129 humano
814 2068 874 2130 iam
890 2069 944 2132 diu
959 2086 1050 2146 aegro
1067 2079 1097 2132 et
1112 2071 1163 2132 ad·
1259 2067 1260 2148 l

195 2149 274 2209 lecto
288 2149 412 2208 mederi.
435 2157 539 2223 patere
556 2150 701 2226 quicquid
713 2152 825 2228 prioris
837 2153 984 2230 principis
997 2152 1081 2216 luror
1092 2171 1165 2216 con·
1259 2209 1260 2236 ,

195 2232 306 2307 cussit,
325 2231 355 2290 in
371 2249 458 2292 suum
473 2235 575 2294 locum
589 2235 748 2296 restituere
762 2255 798 2298 ac
813 2253 972 2313 reponere.
995 2238 1083 2300 sidus
1094 2239 1164 2315 hoc,

194 2314 277 2386 quod
298 2317 495 2391 praecipitato
517 2319 545 2376 in
568 2321 797 2393 profundumm
813 2323 954 2383 demerso
977 2322 1006 2381 in
1021 2323 1165 2384 tenebras
1259 2345 1260 2388 1

164 2397 258 2458 dorbi
272 2399 405 2472 refulsit,
425 2415 548 2476 semper
562 2405 669 2463 luceat.
700 2405 756 2464 Hic
768 2405 961 2466 Germaniam
974 2409 1083 2482 placet,
1098 2407 1164 2467 Bri·
1259 2415 1260 2482 ξ

192 2481 324 2541 tanniam
345 2486 474 2560 aperiat,
501 2493 531 2544 et
556 2487 671 2562 patrios
695 2488 864 2564 triumphos
886 2491 976 2552 ducat
996 2498 1026 2551 et
1052 2507 1163 2553 novos.
1259 2523 1260 2554 r

193 2581 322 2639 quorum
343 2581 392 2627 me
414 2585 539 2644 quoquc
560 2577 764 2645 spectatorem
782 2574 929 2648 loturum,
953 2592 1032 2650 quae
1048 2592 1088 2636 ex
1104 2575 1164 2635 vir-

192 2649 305 2711 tutibus
326 2650 392 2712 eius
413 2653 543 2728 primum
563 2655 676 2714 obtinet
696 2657 810 2732 locum,
834 2658 978 2732 promittit
993 2661 1163 2720 clementia.

190 2747 248 2791 nec
263 2734 342 2792 enim
358 2735 466 2796 sicma
482 2736 604 2809 deiecit,
620 2746 653 2798 ut
668 2741 760 2800 nollet
774 2741 907 2816 erigere,
923 2741 1015 2804 immo
1027 2759 1067 2802 ne
1078 2745 1162 2804 deie-

191 2815 231 2874 cit
245 2817 381 2892 quidem,
398 2820 453 2878 sed
469 2822 621 2895 inpulsum
637 2838 655 2881 a
670 2824 791 2884 fortuna
804 2831 835 2884 et
850 2826 1007 2888 cadentem
1018 2818 1164 2888 sustinuit

191 2899 263 2958 etin
283 2916 433 2976 praeceps
449 2911 569 2965 euntem
585 2905 692 2964 leniter
706 2907 826 2968 divinae
840 2925 949 2970 manus
963 2927 1039 2971 usus
1055 2912 1160 2971 mode-

190 2983 306 3044 ratione
321 2986 472 3060 deposuit.
497 2989 679 3063 deprecatus
692 2999 739 3052 est
750 3008 806 3066 pro
818 3005 866 3052 me
878 3002 1015 3054 senatum
1029 3001 1059 3054 et
1069 2995 1162 3054 vitum

161 3066 262 3130 amini
276 3083 337 3126 non
352 3076 466 3132 tantum
483 3071 580 3146 dedit,
601 3074 762 3134 sedetiam
779 3077 872 3150 petiit.
905 3072 1024 3156 Viderit
1039 3081 1160 3154 qualem

190 3149 270 3208 volet
284 3165 355 3211 esse
369 3161 399 3215 et
410 3156 548 3216 aestimet
563 3172 687 3216 oausam
702 3175 814 3220 meam:
837 3162 886 3220 vel
901 3162 1013 3234 iustitia
1025 3163 1092 3224 eius
1105 3163 1160 3223 bo·

189 3247 258 3289 nam
275 3237 440 3308 perspiciat
455 3241 503 3298 vel
523 3240 682 3302 clementia
700 3244 791 3304 iaciat
804 3245 932 3306 bonam:
953 3253 1114 3322 utromque
1129 3247 1160 3305 in
1259 3245 1260 3260 ³

188 3329 288 3410 aequo
313 3316 384 3378 milri
411 3321 678 3388 eius-beneficium
703 3327 771 3400 erit,
801 3329 867 3389 sive
891 3331 1084 3391 innocentem
1110 3345 1160 3389 me

186 3405 291 3458 screrrt
309 3414 394 3474 esse,
418 3405 483 3462 sive
503 3409 641 3470 voluerit.
676 3411 795 3472 Interim
811 3429 953 3488 magnum
968 3415 1158 3474 miseriarum

187 3495 322 3542 mearum
341 3485 482 3547 solatium
502 3499 550 3550 est
571 3492 675 3554 vidore
701 3494 940 3557 misericordiam
969 3496 1035 3558 eius
1061 3505 1159 3558 totnm
