2522 3906
190 269 232 334 48
479 269 512 326 L.
533 265 679 333 ANNAEI
702 262 878 323 SENECAE

190 416 242 481 net
256 416 455 489 verecundia,
470 415 551 474 hunc
568 413 780 488 peregrinatio,
795 411 876 471 hunc
891 411 988 484 dolor,
1003 405 1086 470 h'unc
1101 425 1178 484 ege-

163 511 270 576 estns,
291 502 372 561 hunc
387 502 509 559 ferrum.
532 500 652 572 Itaque,
674 495 732 556 etsi
747 511 894 570 perversa
908 495 1064 555 induenda
1078 495 1179 568 magi-

191 586 297 648 stratui
309 583 403 644 vestis
415 590 445 643 et
457 582 658 642 convocanda
669 581 801 640 classico
814 579 921 654 concio
935 586 990 652 est,
1007 578 1180 653 procedam

191 672 223 730 in
239 669 368 730 tribunal
382 683 444 727 non
461 669 564 728 furens
581 681 639 726 nec
653 664 799 732 infestus,
816 664 873 723 sed
889 665 973 722 voitu
987 663 1064 736 tegis
1081 669 1111 720 et
1125 661 1181 722 iiia

192 753 352 814 sollemnia
369 752 464 810 verba
485 752 545 810 leni
566 749 663 824 magis
684 747 831 823 gravique
855 763 944 821 quam
966 746 1075 826 rabida
1094 759 1178 804 voce

193 837 365 910 concipiam
379 842 409 894 et
423 835 472 909 agi
486 834 597 893 iubebo
614 849 676 892 non
691 833 801 904 iratus,
819 831 877 890 sed
892 845 1030 890 severus.
1060 837 1180 890 etcum

193 921 343 992 cervicem
364 918 457 978 noxio
479 917 636 992 imperabo
659 915 794 991 praecidi
815 921 927 974 etcum
944 913 1114 988 parricidas
1131 913 1178 972 in-

194 1019 280 1064 suam
296 1005 382 1062 cuieo
404 1010 434 1062 et
454 1017 522 1062 cum
540 1002 654 1060 mittam
675 1001 705 1060 in
721 997 903 1074 supplicium
920 997 1046 1058 mititare
1061 1003 1091 1056 et
1106 1013 1180 1056 curn

116 1105 119 1108 ·
192 1086 321 1161 Tarpeio
343 1085 529 1160 proditorem
555 1084 715 1144 hostemve
736 1082 890 1158 pubiicum
918 1082 1079 1156 inponam,
1108 1080 1180 1140 sine

193 1172 239 1230 ira
253 1185 290 1229 eo
305 1171 391 1229 voltu
405 1169 567 1243 animoque
580 1184 650 1241 ero,
668 1184 729 1242 quo
746 1173 905 1240 serpentes
921 1173 951 1226 et
964 1165 1107 1224 animalia
1120 1181 1177 1222 ve-

164 1261 303 1316 6nenute
324 1251 471 1327 percutio.
513 1253 700 1325 ‚,iracundia
721 1267 799 1326 opus
822 1256 869 1310 est
888 1249 927 1309 ad
949 1248 1180 1324 puniendum.“

194 1337 293 1412 Quid?
307 1337 361 1396 tibi
375 1338 426 1395 lex
439 1335 559 1396 videtur
573 1336 664 1396 irasci
678 1335 725 1408 iis,
740 1350 818 1410 qnos
833 1349 894 1394 non
909 1332 1002 1408 novit,
1018 1347 1097 1406 quos
1113 1348 1178 1391 non

193 1419 277 1491 vidit,
295 1437 373 1495 quos
388 1436 449 1480 non
465 1421 583 1480 futuros
600 1425 724 1494 sperat?
738 1419 817 1478 iilius
833 1419 936 1491 itaque
948 1417 1116 1476 sumendus
1130 1424 1182 1474 est

194 1506 328 1576 animus,
346 1519 426 1578 quae
440 1519 501 1563 nen
518 1503 674 1576 irascitur,
697 1503 753 1561 sed
769 1500 933 1562 constituit.
964 1517 1034 1560 nam
1050 1498 1178 1560 sibeno

194 1588 261 1648 viro
277 1588 316 1647 ob
332 1588 411 1647 mala
427 1585 563 1646 facinora
577 1586 667 1646 irasci
683 1584 839 1659 convenit,
857 1593 887 1645 et
901 1585 940 1644 ob
956 1583 1109 1644 secundas
1125 1599 1180 1642 res

194 1672 342 1732 malorum
356 1671 512 1732 hominum
526 1671 663 1730 invidere
678 1669 847 1729 conveniet.
877 1669 951 1743 quid
966 1669 1044 1727 enim
1065 1674 1114 1726 est
1133 1668 1181 1726 in-

195 1755 317 1828 dignius
333 1771 424 1830 quam
440 1753 551 1816 florere
564 1754 715 1829 quosdam
727 1760 757 1813 et
768 1769 823 1813 eos
838 1753 1025 1826 induigentia
1037 1752 1182 1811 fortunae

195 1838 286 1913 abuti,
303 1839 414 1914 quibus
430 1839 511 1898 nulla
525 1845 628 1914 potest
641 1838 716 1898 satis
728 1838 807 1896 mala
819 1837 946 1896 inveniri
958 1837 1098 1897 fortunat
1115 1832 1180 1894 Sed

196 1929 257 1980 tam
273 1923 434 1984 commoda
454 1923 573 1983 iliorum
595 1921 662 1981 sine
682 1920 796 1980 invidia
809 1920 925 1981 videbit
946 1936 1036 1994 quam
1058 1919 1183 1980 scelera

166 2006 263 2064 tsine
277 2008 331 2066 ira.
353 2007 458 2067 Bonus
473 2007 567 2066 iudex
579 2007 701 2065 damnat
714 2005 919 2078 inprobando,
936 2019 997 2062 non
1010 2001 1082 2064 odit.
1098 2001 1182 2075 Quid

197 2096 292 2162 ergo?
313 2105 388 2162 non,
411 2105 479 2148 eum
495 2089 645 2149 eiusmodi
661 2087 776 2163 aliquid
791 2089 915 2163 sapiens
930 2086 1053 2148 habebit
1067 2085 1097 2146 in
1114 2102 1181 2144 nta-

197 2171 303 2245 nibuS,
331 2179 472 2245 tangetur
493 2171 611 2232 animus
639 2172 705 2232 eius
726 2171 844 2246 eritque
865 2171 955 2233 solito
978 2169 1184 2231 commotior?

196 2253 316 2314 Fateor.
339 2257 448 2315 sentiet
461 2255 559 2315 levem
575 2256 738 2331 quemdam
752 2263 935 2332 tenuemque
948 2262 1072 2314 motum.
1095 2269 1180 2326 nam,

196 2345 230 2398 ut
245 2337 318 2399 dicit
330 2339 451 2412 Zenon,
467 2343 498 2400 ia
515 2343 656 2414 sapientis
670 2356 783 2416 quoquc
797 2343 910 2415 animo,
931 2341 1097 2400 edomitum
1113 2341 1183 2397 col-

197 2429 402 2482 caesenatem
416 2429 472 2496 est,
492 2427 620 2484 cicatmlc
633 2433 739 2485 maaet.
769 2423 885 2484 Sentiet
905 2424 1008 2498 itaque
1024 2420 1182 2495 suspicio-

197 2523 254 2566 nes
269 2507 418 2581 quasdam
430 2514 460 2566 et
474 2508 598 2568 umbras
613 2509 802 2568 adfectuum:
819 2508 896 2583 ipsis
914 2507 1040 2582 quidem·
1052 2505 1182 2564 carebit.

171 2605 187 2656 1
261 2591 354 2650 XVII.
382 2592 563 2653 Aristoteles
585 2592 627 2651 ait
645 2593 783 2666 adfectas
804 2593 961 2667 quosdam,
989 2591 1099 2664 siquis
1118 2591 1185 2649 iilis

198 2677 270 2736 bene
288 2683 400 2750 utatur,
415 2673 476 2752 pro
497 2680 590 2738 armis
608 2695 678 2738 esse.
709 2676 793 2752 quod
813 2691 919 2735 verum
939 2677 1032 2746 foret,
1054 2673 1081 2732 si
1097 2673 1186 2732 velut

197 2759 308 2818 bellica
322 2761 521 2821 instrumenta
536 2763 614 2821 sumi
629 2761 804 2835 deponique
819 2765 948 2834 possent
961 2756 1114 2817 induentis
1130 2772 1183 2814 ar-

197 2841 298 2900 bitrio.
324 2843 408 2902 Haec
429 2859 513 2903 arma
534 2860 613 2919 quae
628 2845 809 2904 Aristotetes
826 2843 925 2903 virtuti
945 2843 1010 2916 dat,
1032 2842 1101 2916 ipsa
1123 2855 1186 2914 per

200 2940 234 2983 se
246 2932 390 3000 pugnant,
402 2942 463 2986 non
475 2935 655 3002 exspectant
665 2944 796 3000 manum,
809 2935 838 2987 et
851 2927 972 3000 habent,
989 2943 1050 2987 non
1063 2923 1185 2984 haben-

170 3015 255 3072 itur.
276 3009 322 3068 Nil
337 3009 403 3069 aliis
418 3010 626 3073 instrumentis
641 3029 720 3088 opus
735 3019 796 3072 cst:
812 3010 886 3071 setis
899 3029 957 3072 nos
973 3002 1116 3071 instruxit
1129 3023 1185 3066 ra-

199 3093 281 3152 tione
296 3100 412 3153 natura.
432 3093 493 3154 hoc
509 3095 592 3156 dedit
605 3097 710 3170 telum,
726 3096 860 3168 firmum,
877 3102 1071 3170 perpetuum,
1088 3091 1185 3150 obse-

199 3260 266 3321 Non
288 3261 327 3320 ad
348 3261 571 3334 providendum
592 3269 720 3336 tantum,
743 3263 800 3323 sed
815 3263 855 3322 ad
869 3279 921 3322 res
935 3261 1087 3336 gerendas
1103 3259 1186 3320 satis

200 3349 249 3406 est
262 3360 318 3418 per
333 3359 368 3404 se
382 3345 452 3420 ipsa
465 3347 551 3406 ratio.
581 3347 691 3409 etenim
707 3347 781 3422 quid
796 3352 843 3406 est
857 3346 977 3406 stultius
994 3359 1084 3420 quam
1098 3342 1187 3402 hanc

200 3429 239 3488 ab
253 3429 411 3490 iracundia
424 3437 529 3506 petere
544 3429 744 3505 praesidium,
766 3445 830 3489 rem
845 3429 986 3492 stabilem
1002 3429 1041 3488 ab
1055 3427 1188 3502 incerta,
1248 3481 1249 3504 ,

171 3513 321 3574 tiideiem
335 3513 373 3574 ab
388 3514 497 3587 infida,
515 3531 621 3575 sanam
637 3515 675 3574 ab
688 3521 801 3588 aegra?
823 3513 915 3587 Quid,
932 3511 1016 3586 quod
1032 3511 1072 3572 ad
1087 3510 1188 3572 actio·
1248 3505 1249 3520 ¹

201 3193 313 3252 quens,
335 3192 392 3236 nec
412 3171 527 3252 anceps
548 3195 605 3238 nec
621 3181 704 3254 quod
723 3181 754 3238 in
769 3180 923 3240 dominum
937 3177 1045 3239 remitti
1059 3182 1185 3250 posset.
