2554 3888
252 248 303 308 on
318 246 652 320 renupurnurrnru
668 247 789 306 nullm.
807 255 848 309 re.
865 255 906 309 ιτ.
1005 248 1063 310 195

85 399 290 472 desiderium,
306 399 383 458 baec
397 399 509 473 nostri,
525 406 555 458 et
570 399 627 458 erit
640 400 736 460 altere
746 399 870 461 alterius
885 401 1064 464 remedium.

86 486 191 546 odium
206 484 316 543 turbae
329 483 450 542 sanabit
464 483 614 556 solitudo,
629 483 762 542 laedium
778 483 951 546 solitudinis
966 489 1065 548 turbe.

7 607 8 610 =
84 565 1092 641 Necineademintentiqueaequaliterretinendu4

84 649 807 722 mensest‚sedudioc0sdevocanda.
838 651 910 710 Cum
926 655 1064 726 puerulis

85 735 230 795 Socrates
254 735 362 794 ludere
387 750 450 794 non
477 733 697 806 erubescebat,
722 743 752 794 et
767 734 841 794 Calo
854 736 926 794 vino
941 738 1065 800 laxabat

84 819 222 896 animum,
236 818 317 878 curis
336 817 653 892 publicisfatfgatum,
669 825 700 876 et
714 816 820 892 Scipio
834 819 1015 894 triumphale
1029 823 1063 881 il-

84 903 139 962 lud
154 918 191 960 ac
205 902 334 961 militare
348 917 462 976 corpus
477 901 573 960 movit
587 901 627 960 ad
641 917 795 975 numeros,
811 919 872 962 non
888 905 1017 964 molliter
1027 899 1063 965 se

84 987 270 1060 infringens,
285 993 319 1044 ul
334 1001 416 1045 nunc
430 1001 499 1045 mos
514 991 561 1044 est
575 985 664 1044 etiarn
679 986 805 1046 incessu
819 987 893 1060 ipso
905 989 984 1048 ultre.
998 1005 1062 1050 rnu-

83 1070 210 1130 liebrem
226 1068 382 1130 mollitiam
397 1068 580 1142 liuentibus,
601 1069 658 1128 sed
675 1075 709 1130 ul
723 1069 840 1143 antiqui
854 1070 895 1130 illi
910 1072 968 1138 viri
982 1075 1062 1132 sole-

83 1155 157 1214 bant
177 1153 256 1212 inter
275 1155 376 1212 lusum
397 1169 433 1212 ac
449 1155 529 1212 festa
542 1160 682 1226 tempora
694 1153 811 1212 virilem
826 1153 857 1212 in
873 1155 997 1216 modum
1011 1157 1062 1218 tri-

87 1239 233 1313 pudiare,
258 1253 320 1295 non
342 1231 450 1296 facturi
470 1237 697 1304 detrimentum,
725 1236 842 1296 etiarnsi
865 1239 904 1298 ab
921 1239 1062 1300 hostibus

82 1323 150 1384 suis
174 1326 394 1395 spectarentur.
427 1319 536 1379 Danda
550 1326 598 1379 est
611 1319 719 1378 animis
734 1319 894 1381 remissio:
918 1322 1090 1386 melioress

86 1406 287 1478 acrioresque
305 1402 436 1479 requieti
458 1410 592 1478 sugent.
624 1411 657 1463 ul
677 1402 826 1463 fertilibus
841 1406 923 1478 egris
939 1423 1000 1466 non
1015 1415 1063 1467 est

86 1489 318 1564 imperandum,
345 1488 404 1548 cito
430 1487 512 1547 enirn
534 1486 603 1548 illos
619 1487 778 1548 exhauriet
791 1503 959 1562 numquam
971 1489 1061 1552 inter·
1107 1509 1130 1563 t,

84 1575 183 1634 rnissa
206 1571 396 1644 fecunditas,
421 1573 462 1630 ila
487 1572 656 1632 animorum
676 1571 799 1645 inpetus
813 1571 963 1634 adsiduus
976 1574 1063 1634 labor

86 1659 214 1731 franget.
237 1657 320 1716 vires
334 1654 485 1730 recipient
499 1657 624 1730 paulurn
638 1654 765 1715 resoluti
780 1663 810 1720 et
825 1657 941 1717 emissi.
962 1657 1062 1718 nasci-

85 1750 134 1801 tur
149 1756 190 1799 ex
204 1739 392 1799 adsiduitate
403 1739 543 1800 laborum
558 1737 727 1800 animorum
742 1739 895 1800 hebetatio
910 1741 1063 1818 quaedam

87 1833 116 1885 et
130 1826 271 1898 languor.
290 1823 354 1882 Nee
365 1823 404 1882 ad
416 1821 476 1883 boc
488 1830 572 1882 tanto
582 1821 738 1882 bominum
750 1823 902 1898 cupiditas
913 1826 1090 1898 tenderetb

87 1909 143 1968 nisi
159 1908 328 1968 naunalem
344 1907 507 1982 quamdam
522 1907 710 1981 voluptatem
725 1905 947 1968 boberellusus
960 1907 1061 1969 iocus-

88 2008 157 2068 que.
191 2007 323 2068 querum
349 1991 495 2064 frequens
520 2007 599 2050 usus
625 2006 715 2050 omne
736 1989 847 2051 animis
862 1991 983 2064 pondus
999 2009 1062 2052 crn-

87 2091 220 2150 nemque
241 2076 301 2134 uim
324 2075 446 2148 eripiet:
473 2089 544 2134 nam
559 2082 590 2134 et
604 2091 731 2134 somnus
745 2074 905 2135 refectioni
918 2091 1062 2137 necessa·
1093 2103 1098 2109 ·

85 2161 150 2221 rius
165 2167 225 2219 est:
244 2159 439 2238 nannenten
456 2173 579 2233 semper
594 2159 690 2234 siper
700 2157 782 2218 diere
793 2166 978 2236 noctemque
990 2175 1062 2220 con·

85 2245 202 2316 tinues,
224 2243 388 2303 merserit.
420 2245 546 2304 multum
560 2243 700 2316 interest,
721 2243 855 2304 remittas
871 2243 1005 2320 aliquid,
1023 2261 1061 2304 an

86 2331 202 2388 solvas.
229 2327 348 2410 Legum
361 2327 536 2386 conditores
552 2327 648 2386 festos
663 2327 857 2388 instituerunt
871 2329 953 2402 dies,
975 2335 1008 2388 ut
1022 2329 1089 2388 adl

85 2411 266 2470 hilaritatem
281 2410 422 2471 homines
439 2411 561 2485 publice
577 2418 772 2485 cogerentur,
787 2419 941 2487 tamquam
955 2427 1062 2472 neees-

85 2493 892 2569 sariumlaboribusinterponentestemperamentum.
916 2496 1062 2568 etmagni,

84 2585 117 2640 ul
139 2578 219 2652 dixi,
245 2579 302 2638 viri
324 2579 449 2654 quidam
471 2578 529 2640 sibi
550 2585 723 2639 menstruas
740 2579 832 2638 certis
846 2578 954 2638 diebus
970 2577 1062 2637 ferias

84 2664 214 2736 dabant,
232 2661 356 2738 quidam
370 2663 486 2722 nullum
501 2679 562 2722 non
578 2663 658 2722 diem
673 2661 751 2740 inter
765 2661 860 2722 odom
875 2669 906 2722 et
916 2675 1005 2721 curas
1018 2662 1062 2720 di-

83 2747 239 2806 videbant.
264 2748 385 2822 qualem
399 2746 565 2808 Pollionem
578 2746 718 2806 Asinium
733 2751 895 2819 [oratorem
908 2750 1061 2820 magnum]

83 2830 277 2890 meminimus
285 2875 297 2905 ,
318 2846 412 2905 quens
431 2832 513 2890 nulla
531 2846 583 2890 res
597 2833 675 2890 ultra
689 2829 849 2890 decumam
863 2828 994 2890 retinuit.
1024 2844 1064 2888 ne

85 2913 238 2990 epistulas
253 2915 377 2990 quidem
393 2922 464 2990 post
477 2931 545 2976 earn
559 2913 666 2976 horum
679 2914 809 2988 legebat,
825 2929 864 2974 ne
880 2913 1063 2988 quidnovae

7 3033 8 3040 .
85 3015 179 3060 curae
193 3005 381 3073 nasceretur,
396 2999 454 3060 sed
469 2999 562 3060 totius
574 2998 635 3058 diei
646 2997 858 3060 lassitudinem
871 2997 992 3056 duabus
1004 2995 1062 3054 illis

7 3083 8 3092 ’
84 3083 170 3144 horis
183 3083 326 3158 ponebat.
347 3083 471 3158 quidam
482 3081 583 3142 rnedio
591 3082 888 3164 disinteriunxerunt
898 3085 928 3139 et
939 3079 969 3138 in
978 3085 1062 3155 post·

84 3166 272 3226 meridianas
288 3166 380 3227 horas
395 3167 511 3242 aliquid
524 3163 648 3226 levioris
662 3181 775 3241 operae
787 3163 977 3226 distulerunt.
999 3180 1062 3222 rna-

84 3251 168 3311 iores
191 3267 316 3326 quoque
336 3251 433 3311 nostri
455 3267 567 3310 novum
580 3250 757 3311 relationem
774 3257 846 3323 post
860 3247 967 3308 horam
982 3247 1065 3307 deci-¹

83 3351 167 3394 marn
181 3334 213 3392 in
229 3341 339 3394 senatu
353 3334 419 3394 lieri
433 3334 588 3395 vetabant.
608 3335 694 3394 mites
707 3333 825 3407 vigilias
838 3329 946 3392 dividit
957 3339 987 3392 el
999 3345 1060 3389 nox

83 3418 220 3479 inmunis
235 3423 284 3478 est
298 3417 336 3477 ab
352 3419 547 3493 expeditione
559 3418 758 3477 redeuntium.
780 3415 1003 3491 Indulgendum
1016 3421 1090 3474 ests

84 3503 188 3562 animo
197 3501 394 3576 dandumque
406 3501 538 3562 subinde
550 3502 653 3574 otium,
666 3500 751 3576 quod
764 3497 1062 3618 alimentiacviriurn
1120 3521 1128 3533 ·
