2528 3906
170 245 225 304 nb
247 243 432 305 MAROEAM
452 243 504 303 BE
521 241 826 325 consotn'rtotttt.
849 252 968 308 17-19.
1002 239 1064 310 129

84 397 296 458 cacuminibus
307 407 434 456 nemora
443 394 580 456 nutantia
592 402 622 455 et
636 402 750 455 tantum
760 395 904 456 sitvarum
916 411 985 457 cnm
996 397 1063 458 suis

85 481 269 540 animalibus
285 481 449 554 aviumque
463 485 613 539 concentu
632 479 770 540 dissono.
791 481 867 538 varii
888 480 1008 540 urbium
1022 481 1098 548 sis

84 572 134 624 tus
146 570 178 624 et
187 565 330 623 seclusae
340 563 479 623 nouenos
491 563 629 623 iocorum
640 563 825 637 diiiicuitate,
842 579 970 638 quarum
985 565 1063 624 aliae

83 663 119 707 se
134 645 164 706 iu
180 653 302 706 erectos
314 645 496 706 subtrabunt
507 649 635 720 montes,
650 645 728 705 attae
739 645 823 722 ripis,
838 647 916 718 lacu,
930 647 1063 707 vallibus

85 730 218 806 pavidae
233 729 523 790 circumfunduntur.
546 729 651 789 adiuta
665 731 763 789 iructu
778 743 878 804 seges,
894 737 925 790 ct
938 731 1064 790 arbusta

84 814 154 882 sine
168 815 287 873 cultore
299 813 494 886 ieqtiflitatis.
523 820 554 872 et
566 809 701 873 rivorum
716 813 793 873 lenis
807 813 885 872 inter
900 819 986 888 pratu
1000 813 1062 874 dis-

83 907 196 957 cursus
218 904 250 956 et
269 897 390 956 amoeni
417 895 503 956 sinus
527 904 558 956 et
577 897 665 960 litora
684 897 714 955 in
739 899 857 972 portum
878 897 1063 957 recedentia.

82 995 216 1054 sparsae
232 987 277 1041 tot
292 995 347 1054 per
362 987 482 1040 vastum
496 979 623 1052 insulae,
646 990 726 1055 quae
739 981 909 1041 interventu
926 997 984 1041 suo
1000 995 1062 1040 ma-

83 1065 128 1122 ria
144 1061 344 1138 distinguunt.
367 1063 467 1136 Quid?
483 1063 617 1138 tapidum
631 1077 880 1138 gemmarumque
895 1065 995 1139 fulgor
1009 1069 1062 1138 [et]
1077 1069 1096 1124 6

82 1147 113 1204 in
128 1147 238 1224 teqrc]
253 1147 431 1222 rapidorum
444 1144 621 1207 tonantium
637 1159 744 1207 autum
765 1148 867 1206 arenis
884 1146 1062 1208 interfluens

81 1239 113 1290 et
128 1230 159 1290 in
175 1229 285 1290 mediis
301 1231 389 1290 terris
406 1230 570 1305 medioque
583 1244 691 1290 rursus
703 1231 778 1289 mari
791 1237 932 1292 terrentes
948 1229 1063 1306 ignium

83 1314 172 1372 iaces
187 1320 218 1372 et
231 1313 385 1373 vinculum
400 1321 547 1373 terrerum
562 1321 707 1385 oceanus,
728 1313 909 1374 continentis
930 1316 1063 1388 gentium

82 1395 196 1471 triptici
207 1397 278 1457 sinu
289 1396 433 1457 scindens
446 1403 476 1456 et
489 1394 603 1470 ingenti
614 1395 734 1456 licentia
745 1403 952 1457 exaestuans?
969 1399 1065 1457 Vide·
1078 1403 1096 1460 7

82 1479 133 1540 bis
154 1479 203 1540 bic
223 1480 367 1557 inquietis
384 1489 414 1541 ut
428 1478 496 1540 sine
518 1486 609 1540 vento
622 1473 842 1562 fluctuantibus
854 1481 943 1556 aquis
958 1481 1064 1540 innare

83 1563 138 1639 [et]
163 1565 326 1641 excedenti
345 1563 489 1624 terrentia
508 1557 716 1638 magnitudine
735 1562 891 1635 animalia,
913 1565 1063 1639 quaedam

83 1645 192 1720 gravia
206 1656 237 1708 et
250 1648 350 1708 atmno
366 1645 587 1722 semagisterio
599 1649 765 1731 moventia„
778 1647 927 1726 quaedam
945 1648 1064 1708 velocia

83 1737 113 1788 et
128 1732 290 1791 concitatis
306 1731 479 1806 perniciora
492 1729 636 1804 remigiis,
659 1729 810 1804 quaedam
825 1730 995 1791 haurientia
1008 1738 1063 1790 un-

84 1814 143 1872 das
158 1820 311 1889 etmapno
328 1813 609 1889 praenavigantium
624 1814 761 1888 periculo
777 1813 920 1873 efflanda.
943 1812 1064 1874 videbis

84 1896 134 1954 bic
153 1896 278 1972 navigia
299 1901 376 1972 quas
397 1911 459 1957 nun
480 1909 600 1956 novere
615 1901 713 1956 terras
734 1898 919 1972 quaerentia
944 1896 1064 1956 videbis

84 1979 157 2039 nihii
171 1980 328 2041 humanae
340 1980 487 2040 audaciae
501 1980 711 2054 intemptatum
726 1981 850 2060 erisque
865 1985 895 2040 et
909 1985 1065 2054 spectator

85 2071 115 2122 et
129 2063 199 2138 ipse
213 2069 287 2140 pars
302 2071 414 2138 magna
428 2063 613 2124 cubantium.
640 2061 744 2123 disces
760 2063 951 2138 docebisque
972 2069 1063 2135 artes,

84 2147 161 2206 aiias
178 2159 261 2221 qnae
274 2149 365 2208 vitam
380 2146 540 2220 instruant,
561 2147 636 2206 alies
652 2161 731 2222 quae
746 2148 862 2220 ornent,
884 2147 960 2207 aiias
984 2163 1064 2222 quae

85 2235 201 2304 regant
224 2230 290 2290 Sed
305 2232 475 2290 istic'erunt
489 2229 571 2288 mitia
586 2235 759 2304 corporum,
777 2234 877 2303 [mille]
894 2232 1063 2290 animorum
1077 2235 1096 2290 8

87 2320 202 2386 pestes,
217 2321 248 2374 et
260 2314 342 2374 betia
355 2319 390 2373 et*
405 2311 563 2374 iatrocinia
578 2320 608 2372 et
618 2317 738 2372 venena
753 2322 784 2373 et
798 2315 955 2389 naufragia
975 2321 1006 2372 et
1021 2314 1061 2372 in-

86 2398 250 2472 temperies
265 2397 344 2457 coeli
359 2395 562 2472 corporisque
576 2403 607 2456 et
626 2396 855 2457 carissimorum
877 2395 989 2458 acerba
1011 2397 1064 2456 de·

86 2479 247 2541 sideriaat
266 2497 359 2552 mors,
380 2481 530 2540 incanum
552 2480 650 2538 tacitis
664 2493 702 2538 an
718 2492 774 2554 per
796 2495 927 2554 poenam
948 2480 1064 2538 crucia·

87 2569 229 2638 tumque=
253 2565 394 2624 delibera·
408 2565 511 2623 bourn
527 2570 558 2622 ct
573 2563 737 2637 perpende,
761 2564 834 2638 quid
857 2564 943 2623 vatis.
970 2569 1004 2622 ut
1025 2562 1066 2621 ad

87 2646 136 2705 iiia
151 2647 268 2719 venias,
291 2660 348 2722 per
360 2647 412 2706 illa
426 2647 601 2706 exeundum
623 2653 680 2705 est.
709 2647 915 2722 respondebis
935 2647 1014 2706 veile
1037 2655 1067 2706 te

86 2733 213 2790 viveret
234 2727 362 2805 quiduis
382 2730 484 2802 immo,
506 2725 591 2804 puto,
613 2727 696 2788 adid
712 2731 928 2804 noueremus,
949 2745 1066 2806 exque

87 2812 137 2870 tibi
152 2813 270 2889 aliquid
285 2813 388 2874 decuti
408 2813 512 2874 dotem
533 2813 603 2871 vive
618 2827 692 2886 ergo
713 2819 747 2871 ut
767 2815 918 2874 convenit.
940 2814 1066 2889 „Nema

29 2959 31 2972 Σ
87 2894 199 2970 inquis,
216 2913 275 2956 nos
291 2897 475 2958 consuluit.“
502 2895 638 2955 Consulti
660 2902 730 2955 sunt
751 2897 789 2955 de
812 2897 901 2958 nobis
923 2905 1066 2974 parentes

30 2997 31 3004 ¹
87 2980 192 3051 nostri,
215 2978 353 3054 quicum
369 2977 582 3041 condicionem
603 2979 683 3039 vitae
704 2989 840 3054 nossent,
863 2981 891 3040 in
909 2982 988 3042 bano
1009 2994 1067 3041 nos

87 3064 287 3124 sustulerunt.

156 3147 236 3208 XIX.
260 3146 389 3207 Sedut
408 3147 453 3206 ud
470 3147 793 3220 solatiaveniam‚
817 3146 970 3206 videbis
990 3148 1064 3221 pri·
1084 3149 1106 3204 1.

88 3247 180 3290 urum
209 3231 305 3305 quid
325 3231 539 3290 curandum
565 3231 629 3302 sit,
658 3229 798 3289 deinde
823 3231 1066 3305 quemadmo-

87 3314 180 3374 dum.
220 3314 349 3374 Movet
369 3311 566 3390 iuuentem
586 3311 829 3372 desiderium
850 3314 933 3374 eius
958 3324 1067 3388 quem

87 3397 239 3458 ditexit.
274 3397 307 3456 id
329 3413 384 3473 pcr
407 3414 445 3458 se
464 3395 622 3458 tolerabile
643 3409 715 3456 esse
735 3397 892 3472 adpareat.
929 3393 1067 3453 absentis

88 3482 167 3540 enim
186 3481 410 3557 abiuturosque
427 3482 500 3542 dum
511 3479 621 3552 vivont,
637 3493 699 3540 nou
714 3479 833 3553 flemus
850 3475 988 3550 quamvis
1003 3475 1068 3532 dm-

130 3584 315 3623 surncaann.
330 3569 350 3623 1.
837 3565 854 3618 9

1010 3792 1013 3795 .
1033 3779 1064 3795 .J-t
