2528 3906
207 248 268 312 102
493 249 527 310 L.
549 249 696 310 ANNAEI
720 247 896 310 SENECAE

175 402 284 464 amala
311 397 431 476 perdist
464 398 582 474 Quanto
608 413 689 459 nunc
714 405 779 459 erat
801 397 897 459 satius
923 399 1040 460 amicos
1062 415 1183 477 parare,

204 483 343 545 inimicos
361 483 513 558 mitigare,
533 481 753 558 rempublicam
767 482 993 565 administrare,
1015 486 1184 546 transferre

204 568 234 626 in
246 583 297 628 res
313 566 498 628 domesticas
513 581 639 643 operam
655 581 746 642 quam
762 566 1014 641 circumspicere,
1035 569 1109 642 quid
1128 569 1183 628 ali-

204 652 254 711 cui
275 653 377 712 lacere
392 649 497 727 possis
511 649 597 724 mali,
614 649 704 724 'quod
723 656 776 710 aut
789 647 926 724 dignitati
941 650 1007 710 eius
1022 659 1074 711 aut
1088 653 1182 727 patri-

203 734 306 796 monio
323 742 376 796 aut
390 735 511 812 corpori
528 735 638 795 volnus
652 731 790 808 infligas,
806 749 875 794 cum
890 732 922 793 id
936 733 990 794 tibi
1004 736 1182 810 contingere

204 818 270 879 sine
285 819 449 880 certamine
462 834 499 878 ac
513 816 649 893 periculo
663 833 725 878 non
740 817 856 893 possit,
880 817 999 878 etiamsi
1020 833 1089 879 cum
1104 820 1181 880 inle-

174 901 284 962 ariore
306 918 483 964 concurses.
510 903 654 963 Vinctum
673 902 744 963 licet
764 899 899 977 accipias
921 910 951 962 et
964 903 1002 962 ad
1024 903 1180 964 arbitrium

202 994 287 1046 tuum
309 988 390 1048 omni
412 985 574 1062 patientiae
596 985 786 1062 expositum:
814 1001 909 1061 saepe
929 986 1021 1046 nimia
1041 987 1088 1046 vis
1110 1002 1180 1048 cae·

203 1069 302 1130 dentis
324 1077 376 1130 aut
395 1071 552 1131 articulum
575 1070 654 1131 loco·
665 1069 760 1130 morit
778 1076 832 1129 aut
851 1085 978 1130 nervum
991 1070 1021 1130 in
1036 1069 1083 1130 his
1100 1087 1180 1146 quos

203 1154 335 1228 fregerat
349 1155 492 1215 dentibus
508 1154 583 1214 fixit.
611 1156 724 1214 multos
739 1151 897 1214 iracundia
910 1167 1052 1227 mancos,
1066 1158 1180 1216 multos

203 1236 320 1299 debiles
342 1239 426 1312 iecit,
453 1239 544 1298 etiam
565 1237 617 1299 ubi
633 1238 795 1314 patientem
815 1244 926 1298 nancta
946 1245 994 1298 est
1012 1239 1179 1299 materiam.

202 1320 290 1380 adice
310 1339 406 1396 nunc,
428 1322 512 1397 quod
532 1321 606 1382 nihil
627 1331 688 1383 tam
707 1321 849 1382 imbecille
863 1328 967 1382 natum
982 1329 1044 1395 est,
1064 1329 1098 1382 ut
1112 1323 1180 1383 sine

202 1403 342 1466 elidentis
368 1407 504 1482 periculo
530 1413 642 1481 pereat.
675 1404 836 1466 inbecillos
861 1405 1079 1466 valentissimis
1102 1407 1179 1466 alias

173 1488 299 1562 idolor,
315 1483 391 1580 airas
407 1505 499 1550 casus
514 1497 676 1565 exaequat.
697 1488 784 1564 Quid,
799 1489 882 1564 quod
897 1491 1046 1564 pleraque
1062 1504 1179 1566 eorum,

201 1580 327 1648 propter
348 1589 428 1648 quae
441 1572 616 1646 irascimur,
642 1572 802 1632 offendunt
817 1587 874 1633 nos
890 1573 987 1648 magis
1008 1589 1101 1648 quam
1118 1575 1179 1633 lae·

201 1656 298 1716 dunt?
327 1659 452 1717 multum
477 1662 577 1716 autem
603 1658 743 1730 interest,
768 1662 869 1717 utrum
893 1655 1004 1731 aliquis
1029 1658 1179 1718 voluntati
1253 1701 1254 1736 ,

201 1754 288 1798 meae
303 1738 404 1800 obstet
418 1743 456 1800 an
472 1739 565 1810 desit,
587 1740 695 1815 eripiat
708 1755 747 1799 au
764 1755 825 1800 non
841 1741 902 1800 det·¹
931 1740 1015 1816 atqui
1030 1740 1061 1800 iu
1076 1756 1178 1816 aequo

201 1822 358 1896 ponimus,
389 1832 487 1885 utrum
508 1824 619 1899 aliquis
639 1825 757 1885 aulerat
775 1840 815 1883 an
835 1831 940 1899 neget,
967 1831 1068 1885 utrum
1089 1841 1180 1900 spem

200 1913 337 1967 nostram
352 1907 509 1983 praecidat
521 1923 559 1979 an
577 1906 707 1982 differet,
723 1913 823 1968 utrum
837 1915 944 1968 contra
957 1923 1015 1968 nos
1031 1908 1125 1969 iaciat
1139 1927 1178 1970 an

171 1999 257 2066 opro
274 2007 325 2067 se,
346 2007 451 2053 amore
467 1991 591 2052 alterius
606 2008 644 2051 an
660 1992 732 2052 odio
747 1989 854 2052 nostri.
883 1989 1010 2066 Quidam
1027 2007 1100 2052 vero
1117 2009 1179 2054 non

199 2081 316 2136 tantum
332 2073 429 2136 iustas
443 2091 555 2136 causas
571 2075 671 2136 standi
686 2082 793 2136 contra
806 2091 880 2148 noS,
905 2075 962 2135 sed
976 2076 1066 2136 etiam
1080 2075 1177 2138 hone·

200 2166 264 2218 stas
289 2158 418 2219 habent=
444 2160 522 2220 alius
546 2166 663 2234 patrem
688 2165 803 2233 tuetur,
830 2159 908 2218 alius
933 2159 1071 2234 tratrem,
1097 2159 1178 2222 alius

199 2241 343 2316 patriam,
369 2243 448 2304 alius
472 2243 613 2304 amicum.
647 2243 695 2303 his
719 2251 819 2304 temen
844 2258 903 2303 non
930 2243 1121 2319 ignoscimus
1147 2245 1178 2304 id

198 2325 394 2398 iacientibus,
428 2328 595 2401 quodnisi
620 2328 769 2403 iacerent,
795 2327 1044 2402 inprobaremuS,
1072 2328 1178 2402 immo,
1252 2321 1253 2368 ἶ

199 2409 283 2484 quod
304 2417 352 2470 est
372 2410 564 2485 incredibile,
589 2425 685 2486 saepe
707 2412 746 2472 de
767 2412 846 2472 lacto
861 2410 941 2470 bene
955 2410 1176 2488 existimamus,

170 2493 237 2557 tide
257 2493 386 2556 iaciente
407 2496 495 2556 male.
528 2496 568 2556 At
588 2495 778 2556 mehercules
800 2496 848 2554 vir
868 2509 997 2570 magnus
1018 2511 1054 2554 ac
1073 2496 1176 2556 iustus

197 2578 396 2640 fortissimum
422 2595 576 2656 quemque
595 2594 635 2640 ex
655 2579 796 2640 hostibus
818 2580 883 2640 suis
905 2585 935 2640 et
955 2594 1012 2655 pro
1035 2579 1176 2640 libertate

197 2677 234 2722 ac
255 2662 353 2722 salute
372 2664 488 2740 patriae
510 2663 784 2739 pertinacissimum
806 2662 935 2738 suspicit
953 2669 983 2723 et
1003 2663 1094 2723 talem
1115 2663 1176 2724 sibi

197 2745 302 2818 civem,
318 2749 407 2808 talem
421 2746 544 2808 militem
559 2747 735 2822 contingere
751 2752 844 2822 optat.

169 2841 184 2893 1
258 2829 363 2889 XXIX.
384 2832 486 2905 Turpe
507 2837 555 2891 est
577 2831 683 2890 odisse
699 2847 790 2906 quem
812 2831 936 2892 laudes:
960 2837 1073 2907 quanto
1095 2845 1174 2891 vero

195 2911 314 2986 turpius
330 2914 370 2973 ob
385 2913 415 2972 id
431 2915 563 2989 aliquem
578 2914 698 2987 odisse,
722 2921 846 2990 propter
864 2914 946 2989 quod
960 2913 1176 2975 misericordia

196 2995 307 3071 dignus
328 3004 396 3056 estt
427 2997 453 3056 si
472 2999 612 3073 captivus
632 2997 663 3058 in
685 2999 863 3059 servitutem
883 2996 984 3058 subito
1000 2997 1174 3072 depressus

192 3079 339 3155 reliquias
353 3081 498 3142 libertatis
512 3089 595 3144 tenet
609 3097 666 3141 nec
680 3080 720 3141 ad
731 3081 859 3143 sordida
870 3095 907 3140 ac
918 3079 1074 3142 laboriosa
1084 3079 1174 3140 mini-

195 3163 289 3223 steria
303 3164 390 3239 agilis
405 3165 551 3240 occurrit,
573 3166 600 3226 si
614 3181 654 3225 ex
669 3163 731 3226 otio
747 3166 834 3241 piger
848 3181 960 3240 equum
983 3161 1174 3225 remeatum·
1250 3189 1251 3196 ¹

195 3262 256 3321 que
277 3248 390 3308 domini
411 3263 504 3310 cursu
524 3265 585 3310 nou
606 3256 772 3324 exaequat,
794 3249 821 3309 si
841 3247 920 3310 inter
933 3243 1087 3309 cotidiana
1101 3263 1173 3323 per·
1250 3253 1251 3278 ³

191 3329 296 3405 vigilia
321 3333 437 3393 iessum
462 3349 590 3394 somnus
616 3333 786 3408 oppressit,
813 3333 839 3392 si
863 3331 1009 3392 rusticum
1033 3330 1174 3392 laborem
1250 3345 1251 3362 ¹

192 3422 316 3476 recusat
329 3423 380 3475 aut
393 3431 455 3476 non
470 3417 586 3478 lortiter
600 3415 675 3478 obiit
694 3432 714 3476 a
728 3416 872 3477 servitute
886 3415 1004 3476 urbana
1018 3421 1048 3474 et
1062 3414 1174 3476 leriata

163 3499 356 3576 ttranslatus
371 3500 411 3560 ad
427 3500 535 3563 durum
558 3515 653 3576 opus:
677 3498 915 3575 distinguamus,
936 3507 1035 3560 utrum
1056 3497 1173 3574 aliquis
