2522 3906
140 275 337 338 ACCIDANT
353 275 436 338 CUM
452 275 715 338 PROVIDENTIA
734 277 803 338 SIT.
824 280 878 340 IV.
898 279 938 340 V.
995 279 1035 344 13

54 448 117 492 num
132 430 285 490 debiiitari
307 435 360 488 aut
378 431 546 504 constringi
561 437 615 490 aut
629 431 771 506 adligari,
788 434 887 492 malos
908 433 1035 508 integris

53 515 230 590 corporibus
250 515 372 574 solutos
388 529 424 573 ac
445 515 594 576 delicatos
616 515 790 574 incedere.“
820 517 898 590 Quid
918 525 1035 593 porrot

54 616 106 660 non
128 605 177 658 est
196 597 337 672 iniquum
359 599 455 656 sortes
475 597 560 658 viros
581 613 666 656 arma
686 601 808 659 sumere
828 607 859 660 et
877 599 1034 662 incastris

55 688 229 756 pernoctare
243 688 274 741 et
288 683 439 756 provallo
452 681 594 756 obligatis
609 689 691 742 stare
704 682 900 756 volneribus,
915 685 1035 745 interim

54 769 79 824 in
93 767 167 826 urbe
182 780 313 825 securos
327 780 400 825 csse
415 765 575 840 praecisos
587 771 617 826 et
630 767 793 841 professos
804 767 1035 842 inpudicitiamt

55 851 120 924 quid
146 855 263 924 porros
287 865 349 910 non
374 857 420 908 cst
445 849 584 923 iniquum
604 851 812 912 nobilissimas
834 851 970 927 virginee
993 853 1034 911 ad

53 949 135 992 sacra
151 932 299 992 iacienda
319 931 460 993 noctibus
482 933 623 1007 excitari,
645 934 794 995 altissimo
809 951 918 996 somno
934 936 1033 1010 inqui-

52 1024 133 1076 natas
149 1017 231 1076 iruit
250 1016 353 1077 Labor
368 1017 500 1090 optimos
513 1015 602 1076 citat:
624 1025 749 1078 senatus
770 1033 826 1094 per
841 1024 938 1080 totum
954 1020 1063 1082 diem4

51 1115 143 1175 saepe
157 1101 341 1175 consulitur,
358 1115 427 1159 cum
440 1099 492 1159 ilio
504 1105 643 1174 tempore
654 1102 822 1162 vilissimus
835 1104 968 1180 quisque
982 1109 1035 1163 aut

52 1185 77 1242 in
99 1201 210 1258 campo
233 1184 326 1243 otium
349 1199 438 1242 suum
457 1183 589 1243 obiectet
609 1185 711 1244 autin
733 1187 850 1261 popina
870 1188 963 1247 lateat
982 1193 1035 1246 aut

50 1276 167 1342 tempus
188 1267 221 1326 in
241 1268 345 1342 aliquo
367 1268 480 1326 circuio
501 1274 588 1328 terat.
621 1268 702 1327 idem
724 1269 755 1327 in
776 1270 834 1330 hac
855 1286 967 1344 magna
985 1285 1034 1328 re-

52 1353 170 1426 pubiica
190 1350 241 1410 fit:
261 1349 336 1410 boni
352 1351 409 1409 viri
429 1351 582 1425 laborant,
603 1351 798 1425 impendunt,
818 1354 1035 1427 impenduntur

53 1444 85 1494 ct
106 1436 292 1496 volentes
320 1433 487 1508 quidem,
513 1451 576 1496 nou
600 1434 760 1496 trahuntur
784 1452 802 1494 a
823 1436 959 1510 fortuna,
985 1451 1034 1494 sc-

54 1525 181 1594 quuutur
200 1518 284 1578 iilam
299 1523 330 1576 et
344 1524 477 1592 aequant
490 1519 615 1592 gradus.
637 1519 664 1577 si
685 1519 832 1595 scissent,
849 1518 1034 1580 antecessis-
1091 1560 1095 1570 .

53 1611 123 1663 sent.
144 1601 234 1662 Hanc
250 1617 375 1677 quoque
390 1603 560 1662 animosam
574 1602 717 1662 Demetrii
739 1603 896 1664 fortissimi
910 1603 967 1662 viri
982 1611 1064 1666 v0-5

54 1703 112 1745 cem
134 1687 263 1746 audisse
280 1701 329 1745 me
342 1685 482 1745 memini=
500 1686 565 1747 Hoc
578 1703 684 1760 uuum,
705 1688 817 1762 inquit,
840 1690 877 1748 de
890 1689 983 1761 vobs,
1004 1688 1038 1746 dt

54 1775 238 1845 innoeentes,
260 1773 348 1845 pueri
360 1786 496 1845 possum,
516 1772 597 1844 quod
613 1787 672 1830 uos
692 1779 762 1831 cute
774 1773 848 1831 mite·
859 1775 1036 1833 eductorem

53 1864 174 1915 reseram
200 1862 301 1916 uotum
321 1853 444 1928 fecistis.
466 1857 557 1929 prior
576 1857 653 1914 euim
678 1857 721 1914 ud
738 1859 796 1914 ista
815 1859 969 1928 venissem,
993 1855 1037 1914 ad

53 1957 122 2013 puae
136 1957 220 2000 nuuc
233 1943 354 1998 uocatus
372 1939 487 1998 adsum.
516 1940 609 2000 Vultis
628 1939 734 1999 libuos
750 1955 882 2000 summ:
902 1940 981 1998 uobu
993 1942 1035 1998 u-

53 2027 90 2082 los
108 2025 225 2085 sustuli.
267 2023 360 2082 Vultis
379 2025 511 2096 aliquem
526 2028 646 2098 purtem
666 2025 816 2098 corporis:
836 2025 949 2082 sumite.
975 2038 1035 2082 uou

52 2125 189 2182 uuquam
203 2123 267 2167 rem
279 2109 426 2182 promitto.
453 2109 510 2167 cito
525 2112 612 2167 totum
625 2109 804 2182 relinquam.
834 2109 927 2168 Vultis
940 2108 1035 2182 spiri-

52 2200 124 2250 tum:
147 2187 277 2266 quidni?
296 2193 410 2250 nuttam
423 2206 537 2250 morum
548 2191 682 2264 factem,
704 2207 761 2264 quo
774 2193 871 2250 miuus
884 2192 1037 2266 recipiatis

53 2277 127 2349 quod
146 2276 279 2334 dedistis.
313 2277 463 2334 eroteute
483 2274 591 2348 seretis
610 2276 755 2349 quicquid
776 2277 929 2350 petieritis.
959 2274 1065 2345 Quidd

52 2376 118 2432 erpo
132 2356 201 2419 est?
222 2359 390 2418 maluissem
404 2357 516 2430 offerre
531 2373 620 2432 quam
635 2360 766 2418 trudere.
795 2360 868 2433 putu
885 2376 959 2434 opus
975 2357 1038 2432 fuit

53 2439 200 2516 aufem?
220 2445 358 2517 scopere
374 2445 518 2517 potuistis.
540 2443 596 2502 scd
607 2459 645 2502 ue
658 2459 739 2505 nuuc
752 2445 871 2517 quidem
883 2443 1036 2516 auferetis,

53 2531 117 2600 pura
131 2529 211 2587 nihil
228 2528 357 2602 eripitur
369 2525 593 2586 rueretrueret.
620 2526 703 2586 Nthu
721 2541 825 2600 sopor,
845 2527 921 2584 uidit
937 2527 1038 2600 patior

13 2635 14 2676 t
53 2613 156 2672 inuitus
169 2627 227 2671 uec
240 2612 337 2670 scruto
348 2611 410 2683 deo,
425 2611 480 2670 sed
491 2611 651 2682 adsentior,
665 2609 827 2684 ecquidem
840 2611 944 2681 raupta
959 2607 1040 2682 quod

53 2697 107 2756 scio
120 2699 224 2756 omniu
236 2701 321 2756 certe
334 2701 363 2754 et
373 2697 405 2754 iu
419 2699 571 2754 caunum
583 2695 664 2756 dicta
677 2697 742 2766 leae
755 2695 925 2753 decurrere.
946 2691 1038 2750 Fata
1049 2703 1066 2760 r

54 2796 119 2840 nos
141 2779 292 2839 ducunt
313 2785 343 2836 et
363 2783 509 2852 quantum
525 2778 636 2852 cuique
653 2777 799 2851 temporis
814 2783 924 2849 restat,
940 2775 1039 2851 prima
1100 2817 1102 2822 .

54 2861 243 2924 nasccntium
266 2861 343 2920 hora
364 2861 525 2937 disposuit.
556 2877 651 2922 eausa
667 2860 780 2935 pendet
795 2877 834 2920 ex
850 2877 954 2922 causa.
978 2859 1038 2934 pri-

53 2954 118 3006 vata
141 2962 180 3007 ac
203 2945 328 3020 publica
348 2945 458 3018 longus
479 2945 556 3022 ordo
577 2961 678 3005 rerum
699 2943 804 3004 tradita
829 2945 900 3006 idco
922 2945 1040 3004 fortiter
1067 3021 1070 3026 y

13 3049 18 3074 ν
54 3046 140 3090 omne
166 3026 349 3105 patiendum
376 3035 438 3102 est,
464 3028 635 3104 quianon,
661 3035 696 3088 ut
719 3035 879 3104 putamus,
903 3028 1041 3088 incidunt

54 3120 174 3186 cmcta,
197 3112 256 3172 scd
271 3113 407 3172 veniunt.
430 3113 501 3173 olim
517 3113 713 3172 constitutum
734 3120 782 3173 est
803 3113 877 3187 quid
891 3112 1039 3186 gaudeas,

55 3197 123 3271 quid
145 3195 241 3268 fleas,
266 3203 296 3256 et
312 3198 452 3272 quamvis
467 3213 578 3272 magna
592 3197 731 3257 videatur
743 3197 889 3256 varietate
905 3197 1039 3270 singulo·

54 3297 112 3340 rum
126 3283 192 3341 vita
203 3279 364 3356 distingui,
381 3295 500 3341 summa
513 3281 543 3339 in
558 3296 650 3340 unum
662 3281 759 3341 venit:
776 3280 943 3355 accipimus
961 3279 1039 3354 peri·

54 3371 115 3424 tura
137 3363 276 3442 perituri.
306 3364 384 3439 Quid
405 3364 509 3440 itaque
530 3365 743 3438 indignamur?
769 3363 843 3439 quid
865 3363 1074 3438 querimurre

54 3449 88 3507 ad
106 3449 170 3510 'hoc
194 3450 293 3524 parati
314 3464 433 3510 sumus.
461 3455 562 3509 utatur
575 3455 608 3506 ut
621 3449 686 3509 vult
701 3449 765 3508 suis
780 3455 888 3507 natura
903 3445 1040 3520 corpori-

54 3532 120 3594 bus:
144 3549 204 3594 nos
227 3535 298 3600 iacti
322 3533 363 3593 ad
384 3533 487 3594 omnia
506 3541 535 3593 et
557 3534 650 3594 iortes
667 3533 836 3606 cogitemus
850 3529 924 3592 nihil
939 3527 1040 3600 perire
