2528 3906
162 259 218 319 AD
240 255 464 319 GALLIONEM
485 257 536 318 DE
558 258 654 318 VITA
674 257 814 317 BEATA.
836 263 956 321 iil-²5.
993 257 1056 322 159
1145 209 1148 214 Ι

76 411 118 470 ibi
132 408 277 470 beneficii
293 411 379 470 loeus
395 415 451 471 est.
468 409 572 471 Potest
586 409 688 485 itaque
701 412 859 486 pecuniam
874 413 962 474 etiam
978 415 1054 476 intra

78 493 171 552 limen
187 509 276 553 suum
288 492 456 554 diffundere
470 501 500 554 et
513 492 720 554 liberalitatem
732 511 887 570 exercere,
903 513 983 571 quae
992 513 1053 559 non

77 575 271 651 quialibmis
284 577 419 647 debetur,
434 577 490 636 sed
502 577 574 652 quia
589 594 607 636 a
621 577 716 638 libero
728 579 827 639 animo
840 580 1052 655 proficiscitur,

77 661 118 720 ita
133 659 289 720 nominata
304 667 360 720 est.
388 659 472 721 Haec
486 659 568 735 apud
590 660 760 736 sapientem
780 677 837 722 nec
858 679 1000 737 umquam
1023 664 1054 722 in

78 752 186 816 turpes
201 743 405 818 indignosque
419 742 585 818 inpingitur
605 759 661 804 nec
675 761 818 820 umquam
833 747 875 805 ita
891 747 1053 821 defatigata

76 833 167 898 errat,
183 833 298 898 utnon,
320 826 461 900 quotiens
477 828 600 901 dignum
619 829 774 900 invenerit,
791 829 880 904 quasi
900 845 940 890 ex
961 832 1053 904 pleno

77 909 164 970 fluat.
185 909 252 970 Non
268 915 315 969 est
329 925 413 984 ergo,
429 911 513 986 quod
529 927 689 986 perperam
705 913 885 987 exaudiatis,
901 929 982 988 qnae
996 915 1084 975 noa

77 1001 176 1067 neste,
193 993 318 1064 fortiter,
344 993 482 1054 animose
505 1010 525 1054 a
545 995 692 1056 studiosis
704 996 882 1072 sapientiae
901 997 1052 1057 dicontur.

76 1085 108 1136 et
122 1077 183 1138 hoe
199 1076 328 1151 primum
343 1075 512 1137 adtendite=
535 1077 616 1138 aliud
634 1087 682 1138 est
702 1079 861 1140 studiosus
876 1080 1054 1154 sapientiae,

76 1159 161 1224 aliud
173 1159 233 1218 iam
247 1159 378 1233 adeptus
393 1160 583 1236 sapientiam.
612 1162 664 1220 llle
679 1163 731 1224 tibi
746 1164 840 1224 dicet:
860 1163 996 1239 „optime
1010 1165 1053 1224 lo-

78 1259 175 1318 quor,
197 1243 254 1302 sed
274 1242 375 1303 adhuc
398 1243 476 1304 inter
501 1245 581 1305 mala
604 1246 723 1306 volutor
742 1247 881 1321 plurima.
915 1253 1054 1320 nonest,

78 1328 165 1403 qnod
180 1341 230 1386 me
244 1327 284 1386 ad
298 1327 456 1388 formulam
475 1344 573 1388 meam
588 1327 705 1404 exigas.
735 1340 804 1390 curn
823 1331 954 1390 maxime
975 1330 1055 1389 facio

77 1427 127 1470 nte
143 1417 174 1471 et
188 1411 285 1470 formo
302 1417 331 1470 et
345 1410 385 1471 ad
396 1412 552 1487 exemplar
568 1412 675 1486 ingens
690 1413 814 1473 adtolle.
831 1413 858 1472 si
870 1428 1055 1488 processero

78 1503 227 1569 quantum
240 1495 394 1571 [cumque]
408 1493 564 1571 proposui,
579 1496 668 1570 exige
681 1504 715 1557 ut
728 1496 817 1556 dietis
833 1495 912 1556 faeta
925 1511 1056 1571 respon-

77 1580 203 1638 deant.“
237 1578 413 1638 Adsecutus
436 1594 508 1638 vero
528 1579 651 1640 humani
675 1579 748 1640 boni
767 1595 886 1640 summa
906 1579 991 1640 aliter
1011 1587 1054 1640 te-

78 1677 148 1720 emn
163 1667 234 1734 aget
248 1667 279 1720 et
294 1662 389 1740 diceto
412 1661 562 1736 „Primum
578 1679 638 1723 non
654 1671 710 1738 est,
732 1663 815 1737 qnod
829 1662 883 1724 tibi
899 1663 1055 1739 permittas

78 1746 118 1804 de
133 1744 311 1804 melioribus
324 1745 403 1824 ferre
418 1747 611 1807 sententiam:
628 1745 779 1820 minnan,
797 1748 881 1822 quod
897 1761 1055 1821 argumen-

79 1837 142 1888 tum
157 1835 206 1888 est
215 1827 299 1902 recti,
316 1828 461 1904 contingit
475 1829 561 1890 malis
573 1830 747 1906 displicere.
776 1831 842 1905 sed,
856 1837 889 1890 ut
903 1829 955 1890 tibi
966 1829 1055 1889 ratio·
1071 1840 1088 1891 5

79 1927 148 1971 nem
162 1912 299 1982 reddam,
316 1927 377 1987 qua
393 1915 466 1973 nulli
480 1913 649 1974 mortalium
665 1913 798 1984 invideo,
814 1911 886 1974 audi
898 1913 971 1988 quid
985 1929 1056 1987 pro·
1142 1921 1150 1936 '

80 1997 195 2054 mittam
209 2002 240 2054 et
255 1995 359 2069 quanti
372 2011 512 2071 quaeque
526 1999 699 2059 aestimem=
713 1995 836 2061 divitias
851 2011 931 2071 nego
942 1996 1057 2056 bonurn

79 2095 162 2138 esse.
178 2095 248 2137 nam
264 2078 290 2137 si
306 2085 419 2153 essent,
434 2080 534 2141 bonos
547 2081 689 2142 facerent.
710 2096 792 2142 nunc
804 2080 956 2156 quoniam,
973 2079 1058 2154 quod

79 2163 165 2236 apud
179 2163 277 2223 malos
297 2161 542 2238 deprehenditur,
563 2165 623 2225 dici
643 2165 758 2226 bonurn
778 2180 839 2226 nen
863 2169 973 2240 potest
998 2163 1058 2223 hoc

79 2245 140 2305 iltis
155 2261 267 2306 nomen
288 2261 377 2320 nego.
401 2253 535 2308 ceterum
552 2255 582 2308 et
601 2248 758 2310 habendas
780 2264 851 2310 esse
870 2255 899 2308 et
918 2247 1008 2308 utiles
1029 2254 1059 2306 et

79 2345 192 2404 magna
208 2330 370 2389 commoda
386 2331 465 2391 vitae
478 2331 643 2393 adferentis
658 2335 764 2393 fateor.

143 2413 238 2472 XXV.
262 2412 340 2486 Quid
354 2429 428 2489 ergo
444 2421 511 2475 estt
533 2431 628 2490 quare
642 2414 710 2476 illas
724 2433 785 2476 non
800 2417 830 2475 in
846 2414 935 2476 bonis
953 2429 1057 2474 nurne-
1074 2421 1089 2472 1

79 2513 144 2560 rem
159 2504 191 2556 et
210 2497 284 2572 quid
299 2505 452 2572 praestem
473 2497 504 2557 in
526 2498 584 2558 illis
607 2499 689 2559 eliud
711 2509 802 2573 quarn
824 2515 889 2572 vos,
913 2496 1058 2574 quoniam

80 2583 158 2640 inter
173 2586 321 2654 utrosque
336 2581 478 2642 convenit
498 2581 665 2653 habendas,
686 2581 797 2642 audite.
824 2582 908 2644 Pone
928 2580 959 2638 ln
982 2594 1057 2654 opu-

81 2663 252 2724 lentissima
274 2679 323 2723 me
342 2661 443 2738 domo,
465 2681 546 2740 pone
563 2666 635 2738 [abr]
659 2680 763 2726 aurum
785 2669 1008 2740 argentumque
1027 2662 1057 2720 in

80 2747 260 2822 promiscuo
272 2764 332 2808 usu
343 2749 396 2808 sit=
412 2765 473 2810 non
486 2749 652 2824 suspiciam
667 2763 715 2808 me
729 2747 768 2808 ob
779 2749 847 2822 ista,
864 2763 943 2822 quae
954 2745 1058 2806 etiam·

80 2833 106 2891 si
121 2831 207 2906 apud
222 2847 279 2905 me,
302 2839 388 2892 extra
402 2849 450 2893 me
470 2839 571 2892 tamen
592 2839 671 2892 sunt.
699 2830 733 2891 In
752 2831 913 2892 sublicium
935 2835 1059 2906 pontem

80 2931 129 2974 me
145 2916 277 2976 transfer
297 2914 327 2976 e't
344 2917 422 2978 inter
444 2922 569 2991 egentes
588 2914 691 2990 abige=
713 2931 774 2978 non
794 2915 866 2976 ideo
890 2923 990 2976 tamen
1010 2927 1059 2973 me

80 2999 261 3074 despiciam,
284 3001 368 3074 quod
385 3001 415 3060 in
430 3000 549 3061 illorum
570 3015 696 3060 numero
720 3001 899 3072 consedere,
922 2995 975 3073 qui
996 3013 1059 3056 ma·

80 3100 153 3142 num
171 3084 211 3142 ad
226 3083 335 3158 stipem
349 3083 517 3160 porrigunt.
554 3080 628 3158 quid
643 3083 722 3142 enim
736 3083 777 3144 ad
790 3099 864 3155 rem,
880 3099 918 3142 an
933 3083 1060 3142 frustum

81 3169 171 3244 panis
186 3167 274 3240 desit,
297 3169 345 3228 cui
368 3183 429 3228 non
451 3167 539 3228 deest
556 3166 633 3228 mori
653 3173 772 3242 posset
799 3167 878 3241 Quid
898 3170 971 3240 ergo
993 3171 1061 3225 est?

80 3253 207 3313 domum
227 3251 308 3310 illam
330 3251 522 3327 splendidam
542 3251 623 3311 malo
645 3267 737 3326 quarn
758 3257 892 3326 pontem.
926 3249 1008 3310 Pone
1027 3249 1090 3308 ina

81 3335 256 3396 stramentis
273 3335 505 3410 splendentibus
520 3342 551 3395 et
564 3334 693 3394 delicato
708 3334 873 3409 adparatu:
895 3334 987 3394 nihilo
1012 3347 1061 3390 me

82 3417 249 3478 feliciorem
264 3420 397 3492 credam,
421 3417 504 3494 quod
517 3417 589 3478 mihi
604 3419 695 3478 molle
716 3418 771 3478 erit
785 3418 956 3491 amiculum,
978 3415 1061 3491 qnod

81 3517 220 3578 purpura
233 3503 372 3568 convivis
387 3503 463 3564 meis
479 3503 696 3585 substernetur.
712 3501 812 3564 Mutas
823 3497 1059 3576 magnpficentti·
