2522 3906
498 89 512 116 ὸ

179 266 201 328 4
221 269 354 330 DlAL.I.
370 269 503 344 QUARE
514 262 665 346 Aliqui
676 270 909 332 INCOMMODA
920 270 1036 333 BONIS
1047 271 1156 333 VIRIS

182 423 229 484 uis
249 423 326 482 locis
348 430 514 498 conspecta
530 423 676 483 miraculo
692 429 777 494 sunt,
799 429 832 484 ut
850 421 880 482 in
895 423 1003 484 mediis
1020 423 1164 486 fluctibus

182 511 315 567 calentes
336 523 435 582 aquae
461 513 492 567 et
513 522 593 566 nova
612 505 779 568 insularum
797 507 827 565 in
852 514 939 568 vasto
961 507 1165 568 exsilientium

149 591 256 652 4mari
278 591 386 665 spatia.
419 591 482 649 lam
501 603 574 649 vero
594 589 705 662 siquis
722 587 934 650 observaverit
953 591 1062 651 nudari
1076 593 1166 653 litora

142 692 153 710 ⁸
181 677 291 754 pelago
307 675 336 733 in
354 689 389 734 se
408 675 574 734 recedente
590 673 760 746 eademque
777 674 855 734 intra
877 675 1020 749 exiguum
1040 682 1162 750 tempus

182 757 308 832 operiri,
334 757 438 816 credet
458 773 552 816 caeca
568 755 701 830 quadam
714 757 904 817 volutatione
917 759 1010 819 modo
1027 759 1165 820 contrahi

180 843 279 901 undas
294 848 323 900 et
341 841 505 900 introrsum
520 841 586 915 agi,
607 840 700 900 modo
716 856 877 916 erumpere
899 849 928 900 et
942 857 1053 918 magno
1071 858 1165 902 cursu

180 932 320 1000 repetere
335 925 440 984 sedem
456 939 557 998 suam,
580 939 649 983 curn
669 923 785 984 interim
807 925 877 984 illae
891 926 1083 1002 portionibus
1099 941 1164 985 cre-

182 1015 272 1069 scunt
281 1015 312 1067 et
322 1009 361 1067 ad
374 1007 481 1068 horam
493 1023 529 1067 ac
541 1007 622 1066 diem
636 1007 770 1068 subeunt
781 1007 945 1084 ampliores
957 1009 1163 1085 minoresque,

181 1099 272 1168 prout
285 1091 351 1151 illas
366 1092 472 1150 lunare
484 1091 570 1151 sidus
583 1089 698 1166 elicuit,
711 1091 751 1150 ad
763 1093 850 1152 cuius
862 1093 1017 1152 arbitrium
1029 1109 1164 1154 oceanus

180 1176 324 1236 exundat.
361 1174 424 1234 Suo
439 1175 498 1234 ista
513 1175 643 1249 tempori
657 1182 852 1236 reserventur
867 1191 904 1235 eo
920 1177 1043 1252 quidem
1055 1175 1163 1252 magis,

148 1269 164 1320 5
182 1260 265 1335 quod
279 1267 313 1318 tu
327 1276 387 1320 non
403 1258 524 1320 dubitas
540 1259 579 1319 de
592 1259 799 1333 providentia,
815 1261 871 1320 sed
885 1261 1017 1334 quaeris.
1046 1261 1080 1319 In
1095 1276 1165 1336 gra·

180 1345 252 1405 tiam
271 1349 301 1403 te
316 1343 460 1402 reducam
478 1358 547 1403 eum
567 1341 615 1402 dis
631 1343 781 1403 adversus
803 1345 935 1418 optimos
957 1345 1089 1420 optimis.
1111 1361 1165 1403 ne-

182 1443 242 1504 que
257 1427 335 1486 enim
351 1442 452 1486 rerum
464 1433 572 1486 natura
583 1425 696 1500 patitur
706 1433 740 1486 ut
752 1443 896 1502 umquam
910 1429 992 1488 bona
1005 1429 1095 1488 bonis
1109 1443 1165 1488 no·

181 1517 279 1571 ceant.
308 1511 385 1569 inter
399 1510 499 1570 bonos
515 1511 599 1569 viros
620 1525 656 1568 ae
677 1511 753 1570 deos
769 1511 899 1571 amicitia
914 1519 962 1572 est
985 1512 1167 1572 conciliante

179 1595 298 1654 virtute.
322 1592 482 1652 amicitiam
497 1593 589 1653 dicor
615 1591 707 1653 immo
719 1593 810 1654 etiam
825 1595 1021 1656 necessitudo
1037 1602 1068 1654 et
1081 1595 1166 1654 simi-

180 1679 291 1752 litudo,
308 1677 451 1752 quoniam
468 1677 591 1751 quidem
606 1677 707 1738 bonus
723 1683 861 1754 tempore
871 1686 985 1740 tantum
1000 1695 1019 1738 a
1034 1679 1092 1739 deo
1107 1679 1165 1738 dil-

181 1764 246 1837 lert,
259 1759 429 1837 discipulus
441 1761 508 1822 eius
521 1763 750 1838 aemulatorque
761 1770 791 1822 et
801 1779 875 1822 vera
886 1763 1060 1839 progeniae,
1073 1777 1166 1838 quam

129 1879 134 1888 ·
183 1863 294 1923 parens
309 1847 359 1905 ille
373 1846 569 1920 magnificus,
591 1844 735 1906 virtutum
750 1863 810 1907 non
832 1847 909 1908 lenis
926 1854 1064 1920 exactor,
1085 1846 1167 1906 sicut

150 1941 167 1996 6
183 1931 282 1992 severi
297 1935 400 2006 patres
416 1931 522 1990 durius
539 1931 658 1992 educat.
680 1931 787 2005 ltaque
799 1947 866 1990 cum
883 1929 997 1990 videris
1008 1931 1108 1990 bonos
1120 1928 1166 1988 vi-

180 2033 233 2076 ros
249 2021 458 2090 acceptosque
470 2015 517 2074 dis
532 2014 687 2091 laborare,
703 2015 830 2089 sudare,
846 2031 902 2090 per
916 2015 1045 2074 arduum
1056 2027 1164 2074 escen-

182 2101 270 2170 dere,
287 2101 384 2159 malos
400 2106 500 2159 autern
511 2098 654 2159 lascivire
667 2106 696 2159 et
710 2097 919 2173 voluptatibus
934 2096 1044 2172 fluere,
1064 2098 1167 2172 cogita

180 2185 312 2244 liliorum
327 2199 384 2242 nos
399 2183 549 2243 modestia
560 2182 718 2257 delectari,
736 2183 927 2243 vernularum
941 2182 1072 2246 licentia.
1094 2179 1166 2240 illos

181 2267 343 2340 disciplina
363 2267 487 2327 tristiori
505 2263 667 2341 contineri,
688 2267 795 2326 horum
819 2266 857 2325 ali
879 2267 1052 2325 audaciam=
1083 2265 1167 2324 idem

180 2350 234 2410 tibi
246 2351 285 2408 de
297 2351 356 2411 deo
368 2351 491 2426 liqueat.
509 2351 623 2410 bonum
635 2350 732 2410 virum
744 2351 774 2408 in
787 2349 904 2410 deliciis
917 2349 1096 2410 nonhabet:
1111 2363 1165 2406 ex-

181 2433 312 2509 peritur,
328 2434 463 2508 indurat,
480 2434 539 2494 sibi
554 2435 637 2494 illum
651 2441 748 2510 parat.

67 2567 77 2589 ,
150 2521 166 2578 1
242 2518 280 2576 tl.
313 2517 438 2592 Quare
467 2519 584 2578 multa
613 2519 726 2578 bonis
756 2519 852 2578 viris
883 2519 1051 2578 adversa
1081 2531 1165 2575 eve·

180 2602 309 2662 niuntt
328 2599 407 2662 Nihil
419 2601 653 2662 acciderebono
664 2600 730 2662 viro
742 2603 813 2662 mali
825 2608 948 2678 potest:
960 2617 1021 2662 non
1033 2599 1165 2660 miscen-

180 2693 229 2746 tur
243 2685 403 2746 oontraria.
427 2685 688 2758 Quemadmodum
705 2692 749 2746 tot
762 2701 884 2758 amnes,
899 2692 1014 2746 tantum
1030 2699 1166 2758 superne

181 2769 369 2830 deiectorum
384 2769 540 2844 imbrium,
563 2775 647 2828 tanta
660 2769 879 2830 medicatorum
894 2768 942 2829 vis
961 2769 1088 2829 lentium
1103 2783 1166 2828 non

180 2861 297 2914 mutant
312 2869 454 2928 saporem
468 2853 576 2926 maris,
591 2865 630 2913 ne
641 2853 794 2914 remittunt
805 2855 943 2928 quidem:
965 2853 1006 2912 ita
1017 2852 1166 2911 adversa-

179 2953 246 2997 rum
261 2936 383 3012 inpetus
399 2951 498 2997 rernm
513 2933 570 2994 viri
583 2936 669 2998 lonis
681 2953 743 2998 non
754 2939 845 2998 vertit
858 2935 1000 2996 animum.
1022 2941 1123 2994 manet
1133 2933 1166 2992 in
1252 2961 1253 2976 κ

181 3027 307 3081 statuet
325 3020 469 3100 quicquid
485 3021 600 3091 evenit,
616 3021 646 3078 in
658 3036 747 3080 suum
758 3022 890 3081 colorem
907 3019 1005 3080 trahit.
1027 3026 1074 3078 est
1084 3018 1165 3076 enim

148 3112 164 3164 2
180 3104 321 3164 omnibus
337 3104 471 3163 externis
487 3104 648 3177 potentior.
671 3103 734 3164 Nec
748 3104 808 3164 hoe
820 3105 906 3165 dico=
928 3121 989 3164 non
1001 3101 1092 3163 sentit
1102 3101 1163 3172 illa,

181 3189 238 3248 sed
254 3187 348 3246 vincit
368 3192 399 3246 et
420 3185 554 3260 alioquin
576 3189 696 3261 quietus
718 3187 921 3263 placidusque
942 3193 1047 3247 contra
1063 3185 1166 3245 incur-

180 3269 447 3330 rentiaadtollitun
470 3271 571 3330 omnia
582 3272 714 3331 adversa
730 3269 963 3332 exercitationes
975 3276 1071 3345 putat.
1094 3265 1165 3342 quis

180 3362 296 3428 autem,
317 3353 364 3412 vir
377 3355 469 3435 modo
486 3362 516 3412 et
537 3363 657 3434 erectus
679 3355 719 3414 ad
740 3357 883 3428 honesta,
904 3369 964 3413 non
986 3359 1034 3412 cst
1047 3351 1163 3412 laboris

181 3439 330 3513 adpetens
346 3437 417 3499 iusti
433 3443 462 3498 et
482 3440 522 3498 ad
543 3438 645 3498 officia
666 3453 736 3498 eum
751 3439 887 3513 periculo
904 3442 1085 3512 promptusc
1113 3435 1165 3494 cui

148 3529 240 3584 bnon
255 3521 405 3584 industrio
418 3523 510 3583 otium
522 3537 623 3597 poena
638 3527 706 3582 estt
726 3521 864 3582 Athletas
877 3521 1032 3596 videmus,
1049 3519 1164 3594 quibus
