2522 3906
479 291 711 344 induratio.
1085 301 1119 346 ν’

151 427 263 478 Dicendi
284 441 344 478 vero
360 441 422 476 usus
440 436 557 477 accurata
573 429 714 478 observatio
732 445 790 479 curu
808 431 840 480 ad
858 430 924 480 alias
942 446 983 482 res
1001 435 1105 498 gravio-

84 511 125 546 res
147 507 187 546 est
206 496 364 553 necessaria,
385 521 420 534 -
443 511 525 558 neque
550 498 616 546 enim
633 498 688 546 sine
706 513 737 547 ea
754 498 808 548 ileri
825 501 933 565 poterit,
957 508 986 550 ut
1001 502 1103 552 taudem

84 565 223 626 aliquando
246 563 369 614 condatur
390 564 493 628 linguae
511 565 603 615 latinae
620 565 725 615 historie
744 568 828 616 causis
845 569 898 618 saia
914 569 1104 633 mtionibusque

84 633 215 698 explicata
232 659 282 698 -‚
301 641 355 682 tum
372 633 406 682 ad
423 633 622 684 emendationem
638 649 761 699 maguum
774 635 835 684 milri
847 635 896 686 hoc
910 637 1030 687 auxilium
1046 639 1103 698 luit,

85 703 165 750 multo
183 702 212 751 id
229 702 314 752 maius
331 700 457 765 futurum,
482 702 505 750 si
523 702 579 764 quis
597 703 683 752 dedita
701 719 778 768 opem
795 704 869 768 plene
886 704 951 755 banc
973 709 1105 756 materiam

84 771 283 834 pertractaverit.
320 767 421 820 Nullum
444 779 527 819 autem
545 772 663 820 vitiorum
683 787 764 836 genua
779 773 806 821 in
824 771 935 823 Senecae
949 773 1021 824 libris
1039 790 1118 824 mss.-

86 839 245 902 irequentius
270 845 323 898 est,
346 853 423 901 quarn
446 839 515 901 quod
540 839 572 887 ad
595 840 728 890 vincienda
746 849 770 891 et
788 841 966 907 distinguenda
983 844 1104 894 orationis

85 907 204 958 membra
225 907 350 972 pertinet3
376 905 473 956 librarii
491 909 556 957 enim
581 907 647 957 ierre
669 924 718 958 non
742 918 858 974 poterant
876 911 964 960 crebra
981 913 1105 977 asyndete

85 985 130 1025 aut
154 977 181 1024 in
198 972 332 1026 vocabulis
350 975 554 1026 demonstrativis
569 975 731 1027 relativorum
747 979 802 1028 loco
818 979 910 1043 positis
928 980 1105 1031 desiderabant

85 1045 242 1110 elegantiam
265 1055 289 1094 et
310 1045 456 1094 nesciebant
478 1045 650 1109 pluraquam
675 1045 735 1096 olim
756 1047 876 1098 adverbia
901 1049 1104 1100 coniunctionum

84 1116 143 1164 vice
160 1112 250 1178 iungi,
268 1127 316 1164 uec
333 1114 396 1162 satis
413 1115 527 1178 cognitas
545 1113 671 1164 habebant
688 1115 788 1164 dicendi
803 1115 923 1166 formulas
936 1127 1017 1166 certas
1030 1133 1104 1180 quas-

85 1183 162 1241 dam,
179 1196 245 1244 quae
262 1189 286 1230 et
303 1182 376 1246 ipsae
393 1182 427 1232 ad
444 1183 634 1248 coniungendas
652 1183 691 1232 vel
710 1185 891 1248 disiungendas
910 1187 1029 1235 orationis
1047 1201 1105 1250 par·

84 1259 124 1299 tes
146 1251 272 1300 constanti
295 1264 345 1298 usu
367 1258 483 1314 receptae
505 1261 589 1309 erant,
612 1253 705 1316 partim
727 1252 784 1301 illae
804 1267 820 1301 a
837 1255 919 1316 poetis
937 1257 1048 1319 primum
1065 1256 1105 1304 in·

85 1320 194 1379 ductae,
217 1319 312 1384 partim
328 1334 343 1368 e
360 1318 512 1368 scholastica
529 1319 686 1369 declamandi
703 1321 883 1370 consuetudine
902 1331 926 1370 et
944 1339 992 1372 usu
1011 1322 1103 1372 lorensi

85 1388 216 1447 adscitae,
234 1388 326 1452 partim
350 1388 425 1438 etiam
444 1389 559 1438 inventae
577 1388 622 1437 illa
635 1395 729 1447 aetate,
749 1403 799 1450 qua
816 1391 952 1454 scriptores
973 1392 1105 1454 ingeniose

85 1455 218 1507 ambitiosi
238 1470 285 1520 pro
309 1470 337 1506 se
361 1457 469 1518 quisque
490 1458 516 1506 iu
538 1457 639 1507 dicendi
657 1465 711 1506 arte
725 1465 795 1505 erant
810 1471 933 1508 novarum
949 1474 1034 1508 rerum
1052 1469 1106 1508 stu-

85 1526 166 1584 diosi,
193 1539 250 1574 cum
269 1539 353 1574 sermo
368 1533 465 1586 rectus,
493 1533 520 1574 ut
538 1527 572 1574 ait
589 1525 769 1586 Quintilianus,
789 1533 814 1574 et
832 1527 972 1576 secundum
990 1535 1103 1576 naturam

83 1593 236 1644 enunciatus
255 1592 317 1642 nihil
334 1592 428 1644 habere
445 1609 479 1643 ex
494 1594 596 1660 ingenio
613 1594 756 1654 videretur,
776 1594 820 1642 illa
838 1611 910 1654 vero,
930 1611 995 1658 quae
1007 1605 1105 1645 utcum-

83 1677 135 1724 que
155 1661 257 1711 dellexa
275 1669 371 1720 essent,
388 1661 511 1712 ⁴homines
529 1664 721 1714 admirarentur.
758 1660 810 1712 Sed
828 1664 859 1714 de
877 1672 929 1714 toto
946 1663 995 1714 hcc
1012 1681 1105 1730 genere

84 1731 159 1780 vario
183 1739 210 1779 et
231 1729 363 1795 multiplici
386 1747 435 1796 ego
461 1746 528 1780 nuuc
548 1747 631 1797 pauca
654 1730 770 1796 exempla
790 1732 904 1796 prolerre
927 1734 990 1783 satis
1012 1734 1104 1798 liabeo,

82 1814 152 1862 quae
170 1798 205 1848 ad
219 1797 400 1863 particularum
417 1800 574 1862 quamndam
591 1815 666 1850 usum
683 1801 818 1865 pertinent.

156 1866 279 1917 Novicius
295 1874 334 1918 est
349 1875 374 1917 et
391 1867 608 1931 frequentissimus
625 1870 694 1933 apud
708 1867 830 1918 Senecam
848 1871 1031 1920 etiamnunc
1047 1885 1105 1934 par-

83 1934 180 1986 riculae
198 1951 261 1986 usus
275 1937 306 1994 is,
324 1951 400 1998 quem
413 1938 502 2001 paucis
517 1939 601 2003 attigit
612 1937 693 1986 Hand.
709 1937 815 1986 Turseli.
827 1938 857 1995 11,
872 1952 898 2001 p.
907 1937 965 1988 585.
977 1940 1033 1987 eius
1043 1951 1105 1986 usus

82 2005 205 2069 exempla
214 2013 274 2054 sunt
283 2005 364 2069 Epist.
371 2006 413 2068 20,
425 2007 449 2054 4.
460 2003 804 2070 02‚12.uesseneu.111‚8‚2.
816 2005 889 2063 35,2.
901 2007 933 2064 V,
942 2006 1016 2066 12‚4.
1027 2005 1069 2065 19,
1078 2008 1103 2056 4.

83 2074 153 2125 Dial.
164 2075 210 2133 tv,
224 2075 249 2136 5,
264 2073 289 2123 1.
308 2073 361 2132 vu,
378 2073 404 2134 9,
422 2075 447 2124 4.
467 2073 511 2135 Xl,
524 2075 550 2135 8,
565 2075 588 2124 1.
609 2074 651 2134 18,
666 2075 691 2126 3.
710 2084 735 2123 et
749 2074 801 2124 alia
813 2075 933 2139 plurima:
953 2076 1105 2138 adquorum

81 2157 202 2192 normam
225 2142 392 2194 dubitandum
414 2158 464 2192 nou
485 2151 537 2203 est,
561 2145 622 2206 quin
641 2143 740 2193 duobus
764 2145 827 2193 locis
845 2142 911 2192 Dial.
926 2143 975 2204 Xl,
992 2143 1022 2203 3,
1038 2142 1062 2193 3.
1081 2153 1107 2193 et

81 2211 142 2260 Nat.
155 2212 298 2274 quaestt.l‚
316 2213 342 2275 4,
362 2211 386 2262 1.
405 2219 472 2262 recte
487 2213 632 2277 scripserim
650 2212 847 2272 etiamnunc,
872 2227 929 2261 cum
946 2221 1020 2262 autea
1036 2212 1106 2276 lege-

81 2289 156 2330 retur
176 2279 239 2328 iam
261 2294 358 2340 nunc,
384 2279 416 2330 de
439 2280 532 2342 quibus
549 2279 680 2345 particulis
699 2279 761 2330 alibi
780 2281 844 2332 dixi.
881 2281 933 2330 Nec
950 2283 1033 2331 minus
1052 2296 1105 2330 cer-

79 2357 154 2409 tum,
180 2347 265 2400 locum
290 2348 341 2398 alio
361 2350 436 2399 modo
459 2357 605 2414 corruptum
623 2350 655 2399 da
670 2348 765 2399 Beueff.
782 2350 814 2410 V,
835 2349 882 2409 12,
901 2349 927 2400 3.
947 2351 974 2398 in
990 2366 1020 2399 eo
1038 2359 1106 2399 certe

80 2425 156 2468 recte
173 2432 190 2466 a
206 2431 247 2466 me
263 2417 423 2468 emendatum
442 2431 514 2478 esse,
533 2419 601 2481 quod
619 2419 807 2468 etiamnunc
823 2418 973 2483 particulam
991 2433 1047 2467 cum
1066 2431 1106 2467 se-

79 2494 179 2549 quente
198 2487 323 2536 sententia
338 2487 467 2536 coniunxi.
514 2492 516 2500 '

155 2556 206 2604 lta
223 2563 272 2603 est
289 2554 399 2605 formula
417 2562 455 2604 est
469 2557 635 2606 usitatissima
650 2557 719 2621 apud
734 2555 869 2616 Senecam,
888 2571 940 2619 qua
953 2555 1022 2617 quod
1032 2565 1106 2604 antea

79 2625 151 2674 dixit
168 2623 302 2674 coufirmat
317 2633 342 2674 et
360 2625 415 2672 eius
434 2639 559 2674 summam
576 2625 766 2690 comprehendit
784 2635 809 2674 et
824 2639 918 2674 novum
934 2624 1008 2686 quasi
1026 2624 1107 2688 impe·

79 2701 137 2742 tum
152 2692 221 2757 capit
232 2693 266 2742 ad
280 2693 347 2742 idem
360 2694 441 2742 denuo
453 2693 510 2743 aliis
524 2695 607 2744 verbis
620 2694 763 2743 dicendum.
788 2694 849 2743 Eius
861 2708 923 2743 usus
933 2693 1029 2754 aliquot
1038 2701 1107 2740 certa

79 2770 106 2810 et
120 2761 262 2810 manifesta
273 2761 390 2825 exempla
401 2760 464 2811 haec
478 2771 549 2812 suut:
563 2763 643 2826 Epist.
651 2763 694 2823 17,
703 2761 729 2812 6.
741 2764 783 2821 22,
793 2761 818 2812 9.
828 2761 871 2826 94,
882 2762 925 2813 70.
934 2760 1040 2820 Dietx,
1049 2762 1105 2819 1,4.

78 2830 162 2888 XLI,
171 2829 198 2878 1.
210 2828 242 2878 de
250 2829 383 2887 Benefill,
393 2828 467 2888 29,6.
480 2831 536 2880 Nat.
545 2829 696 2890 Quaesttdl,
706 2830 749 2890 59,
757 2831 782 2882 6.
794 2831 834 2890 ΠΙ,
846 2833 889 2892 27,
900 2834 925 2882 2.
937 2831 979 2889 tV,
988 2831 1070 2894 prael.
1078 2832 1104 2879 2.

78 2901 120 2948 Ab
141 2897 236 2947 horum
254 2898 421 2948 slmilitudiue
437 2899 543 2950 discedit
558 2900 635 2948 'locus
661 2900 717 2949 Nat.
738 2901 850 2959 Quaestt.
867 2902 901 2959 Il,
920 2898 968 2958 59,
986 2898 1012 2949 9.
1032 2899 1076 2948 ubi
1092 2914 1107 2948 e

79 2968 158 3017 bonis
187 2966 261 3015 libris
287 2967 372 3026 itane
396 2981 442 3032 pro
469 2969 516 3018 ita
540 2975 590 3016 est
613 2970 787 3032 reponendum
803 2968 865 3027 luit,
894 2968 1031 3031 quoderat
1048 2975 1107 3016 aute

78 3037 231 3086 Fickertum
249 3035 388 3101 vulgatum.
425 3035 518 3086 Contra
531 3035 597 3086 Diei.
610 3037 654 3096 Vl,
669 3037 711 3098 23,
724 3038 750 3089 5.
768 3037 881 3087 Pinciaui
892 3045 1001 3087 veterem
1015 3035 1106 3084 librum

77 3113 187 3154 secutus
202 3104 364 3154 scribendum
380 3104 503 3154 iudicavi:
522 3105 570 3154 Ita
585 3111 647 3154 est:
666 3106 824 3156 indicium
844 3112 892 3154 est
911 3105 1106 3154 inminentis

77 3173 180 3223 exitii
200 3174 391 3231 maturitas;
411 3188 458 3222 uec
470 3173 557 3224 dubito
570 3175 631 3235 quin
645 3183 712 3224 recte
726 3175 832 3224 eandem
846 3173 979 3223 formulam
990 3175 1106 3221 restitue-

76 3245 127 3292 rim
147 3241 206 3290 Nat.
223 3240 338 3300 Quaestt.
351 3243 375 3300 1,
394 3242 425 3306 5,
444 3242 487 3292 11.

150 3310 283 3360 Utinam
307 3310 435 3373 quidem
458 3311 591 3375 particulis
616 3311 703 3360 addito
727 3307 885 3360 coniunctivc
904 3311 944 3359 vel
962 3309 1105 3373 imperfecti

78 3378 119 3428 vel
146 3376 392 3442 plusquamperfecti
415 3381 536 3443 temporis
554 3380 589 3428 ite
607 3381 644 3428 uti
663 3379 728 3429 solet
746 3378 855 3443 Seneca,
881 3389 908 3427 ut
928 3379 994 3428 dicet
1013 3378 1107 3426 imstra

77 3445 180 3510 aliquid
198 3448 296 3513 optari,
322 3448 430 3509 quodsi
448 3456 529 3510 esset,
553 3449 705 3498 conveniens
722 3448 776 3498 lere
794 3448 921 3512 siguificat
937 3449 992 3495 eius
1011 3448 1047 3493 rei
1065 3460 1107 3492 ra-

76 3517 158 3575 tioni,
179 3516 213 3564 de
231 3531 283 3578 qua
299 3517 367 3580 agiu
390 3516 468 3564 veluti
485 3517 565 3580 Epist.
578 3515 624 3575 19,
643 3518 669 3565 4.
688 3515 736 3573 89,
756 3516 781 3564 l.
802 3516 833 3564 de
851 3513 997 3572 aeneum,
1017 3513 1059 3572 15,
1079 3511 1105 3558 1.

75 3587 109 3634 de
128 3583 214 3634 Clem.
227 3585 252 3650 l,
274 3583 314 3644 19,
332 3587 357 3634 4.
375 3584 439 3634 Dial.
451 3585 522 3650 Vlll,
541 3583 571 3644 3,
589 3586 613 3638 l.
631 3583 690 3646 XII,
711 3583 753 3649 17,
771 3585 797 3632 4.
822 3583 904 3642 Quare
920 3581 1009 3644 lugere
1025 3579 1109 3626 nemi·
