2554 3888
213 255 275 320 194
406 254 439 312 L.
459 239 607 318 nuliam
630 249 805 310 SENECAE
826 247 928 310 DIAL.
942 249 992 308 IX.

212 410 323 486 ignave
339 407 500 482 perierunt,
517 403 590 464 nihil
606 404 703 478 periit.
726 410 777 462 aut
791 403 875 477 digni
891 409 970 476 sunt,
986 419 1126 478 quorum.
1136 403 1201 464 vir-

212 502 262 555 tus
277 491 330 554 tibi
346 492 479 567 placeat,
496 495 547 549 aut
561 487 692 562 indigni,
710 501 839 562 quorum
855 487 1049 547 desideretur
1059 486 1199 562 ignavia.

214 577 287 654 quid
308 576 388 634 enim
411 581 460 634 est
473 573 594 647 turpius
609 571 742 646 quamsi
758 569 883 630 maximi
898 569 955 629 viri
969 571 1094 632 timidos
1110 572 1199 632 lorti-

182 673 199 727 3
213 670 259 722 ter
273 658 431 720 moriendo
447 656 580 716 iaciunt?
600 655 775 714 Laudemus
790 655 901 716 totiens
914 654 1039 728 dignum
1050 655 1199 716 laudibus

215 753 244 806 et
260 744 414 804 dicamus:
425 747 510 802 tanto
521 741 636 812 sortior,
650 746 733 800 tanto
746 736 877 799 felicior!
894 737 1034 800 homines
1047 738 1197 814 effugisti,

215 843 323 901 casus,
345 828 487 897 livorem,
501 825 650 885 morbum.
684 823 775 884 existi
789 837 829 882 ex
844 821 993 883 custodia.
1023 837 1085 884 non
1101 831 1135 883 tu
1150 823 1197 883 di-

214 927 294 987 gnus
315 911 395 969 mala
413 911 535 970 fortuna
556 907 604 968 dis
618 907 705 988 ¹uisus
721 923 771 981 es,
797 907 854 967 sed
869 905 1029 981 indignus,
1055 908 1086 967 in
1102 923 1197 982 quem

215 997 274 1054 iarn
290 993 406 1070 aliquid
424 993 545 1054 lortuna
560 997 678 1066 posset.
712 990 961 1052 Subducentibus
976 1006 1050 1051 vero
1066 1007 1102 1052 se
1118 990 1197 1060 etin

215 1080 284 1154 ipsa
310 1084 407 1138 morte
434 1077 473 1136 ad
499 1078 592 1136 vitam
616 1074 863 1151 respectantibus
887 1091 998 1136 manus
1023 1073 1197 1136 iniciendae

183 1169 296 1230 esunt.
329 1161 485 1220 Neminem
499 1159 581 1221 llebo
596 1161 725 1233 laetum,
750 1159 900 1218 neminem
914 1157 1056 1219 flentem:
1082 1159 1134 1218 ille
1152 1159 1197 1217 la-

216 1246 327 1306 crimas
350 1259 435 1305 meas
450 1245 519 1320 ipse
534 1245 693 1318 abstersit,
718 1242 768 1304 hic
783 1241 848 1303 suis
863 1243 996 1304 lacrimis
1012 1241 1130 1316 effecit,
1156 1257 1198 1301 ne

215 1330 286 1391 ullis
303 1328 415 1404 dignus
430 1329 478 1389 sit.
499 1329 565 1403 Ego
581 1329 744 1390 Herculem
758 1327 865 1402 fleam,
882 1328 967 1403 quod
981 1326 1071 1386 vivus
1085 1327 1195 1397 uritur,

216 1422 268 1475 aut
282 1414 447 1488 Regulum,
474 1413 558 1490 quod
573 1420 617 1473 tot
632 1411 728 1472 clavis
742 1411 943 1486 transfigitur,
966 1417 1018 1471 aut
1033 1409 1197 1484 Catonern,

218 1498 436 1573 quodvolnera
448 1513 505 1556 sua
515 1499 624 1557 iterat?
644 1495 758 1556 Omnes
771 1496 819 1555 isti
831 1495 891 1554 levi
903 1493 1051 1571 temporis
1063 1495 1198 1581 inpensa

216 1582 405 1652 invenerunt,
423 1581 579 1655 quomodo
594 1581 709 1640 aeterni
725 1579 840 1654 fierent,
858 1587 889 1640 et
900 1579 940 1638 ad
951 1578 1198 1638 inmortalitatem

216 1664 376 1724 moriendo
391 1669 549 1724 venerunt.

189 1753 201 1804 1
279 1748 374 1806 XVll.
406 1747 473 1806 Est
493 1730 1196 1808 etilla'sollicitudinumnonmedio-

218 1831 297 1891 cris
323 1829 499 1904 materia,
528 1831 560 1891 si
584 1837 621 1890 te
645 1831 760 1889 anxie
785 1846 990 1906 conponas
1011 1829 1195 1889 necullis
1266 1827 1267 1917 l

218 1915 454 1990 simpliciter
469 1915 666 1986 ostendas,
682 1915 782 1989 qualis
797 1915 1098 1984 multorumvitaest,
1114 1913 1194 1983 ficta,

219 1996 414 2060 ostentationi
430 2004 545 2072 parata.
574 2003 698 2070 torquet
714 1995 794 2057 enim
811 1998 942 2058 adsidua
956 1997 1131 2058 observatio
1147 1995 1197 2056 sui

218 2090 249 2142 et
263 2079 453 2155 deprehendi
468 2081 554 2139 aliter
572 2095 608 2138 ac
626 2079 720 2154 solet,
733 2083 859 2156 metuit,
885 2096 942 2141 nec
957 2095 1105 2156 umquam
1121 2095 1196 2140 cura
1265 2075 1266 2155 l

218 2165 381 2236 solvimur,
405 2161 458 2222 ubi
483 2163 594 2224 totiens
614 2179 672 2222 nos
694 2165 848 2224 aestimari
868 2172 1025 2240 putemne,
1053 2163 1195 2240 quotiens

219 2247 347 2322 adspici.
377 2246 453 2305 Nam
474 2253 504 2306 et
521 2246 614 2306 multa
629 2247 780 2322 incidunt,
808 2264 887 2322 quac
902 2247 1014 2309 invitos
1030 2247 1194 2319 denudent,

219 2338 261 2402 et,
277 2339 310 2392 ut
324 2331 404 2390 bene
419 2329 509 2391 cedat
520 2337 603 2390 tanta
619 2331 666 2390 sui
683 2331 852 2406 diligentia,
868 2347 929 2392 non
944 2340 1046 2392 tamen
1061 2331 1196 2392 iucunda
1264 2347 1265 2380 l

186 2416 280 2478 avita
305 2420 357 2475 aut
381 2429 491 2474 secura
511 2421 559 2475 est
581 2427 703 2490 semper
724 2415 782 2475 sub
796 2431 931 2491 persona
946 2415 1121 2476 viventium.
1154 2416 1197 2474 At

218 2499 270 2560 illa
292 2505 438 2576 quantum
458 2497 550 2559 habet
571 2498 736 2576 voluptatis
757 2498 878 2558 sincera
891 2506 921 2559 et
936 2515 992 2574 per
1007 2515 1043 2558 se
1057 2499 1196 2560 inornata

219 2583 412 2658 simplicitas,
439 2581 512 2642 nihil
533 2581 704 2642 obtendens
719 2583 855 2643 moribus
871 2584 959 2644 suist
991 2581 1079 2643 Subit
1092 2590 1193 2643 tamen
1236 2593 1240 2602 '
1263 2611 1264 2626 κ

219 2676 250 2728 et
273 2668 351 2727 haec
374 2667 436 2726 vita
457 2673 649 2742 contemptus
671 2667 853 2742 periculum,
882 2667 909 2726 si
931 2667 1033 2728 omnia
1054 2667 1194 2727 omnibus

219 2758 332 2826 patent.
363 2758 434 2812 sunt
454 2751 533 2810 enim
556 2752 608 2826 qui
634 2750 803 2824 fastidiant,
829 2751 973 2826 quicquid
996 2751 1125 2826 propius
1141 2751 1193 2810 ad-

219 2833 327 2894 ierunt.
360 2835 417 2894 sed
438 2849 494 2894 nec
514 2835 617 2896 virtuti
632 2833 801 2910 perieulum
817 2840 880 2909 est,
906 2849 945 2894 ne
959 2835 1083 2896 admota
1098 2834 1192 2896 oculis
1262 2823 1263 2865 l

219 2917 395 2991 revilescat,
419 2925 449 2978 et
463 2919 559 2978 satius
575 2927 623 2980 est
638 2920 829 2994 simplicitate
847 2919 1001 2979 contemni
1018 2935 1111 2994 quam
1125 2933 1192 2993 per·

170 3001 176 3010 “
220 3010 313 3077 petua
322 2999 667 3078 simulationetorqueri.
683 3002 916 3064 Modumtamen
925 3002 969 3062 rei
978 3001 1191 3064 adhibeamus:

188 3087 346 3151 amultum
361 3086 500 3158 interest,
517 3082 693 3161 simpliciter
707 3085 795 3146 vivas
811 3103 850 3146 an
865 3088 1072 3162 neglegenter.
1100 3086 1192 3146 lllul-

220 3175 294 3227 tum
309 3176 345 3228 ct
357 3171 394 3229 in
413 3185 454 3229 se
467 3171 727 3232 recedendum
743 3178 818 3231 est:
834 3171 1029 3231 conversatio
1041 3169 1192 3230 enimdis·

221 3250 363 3310 similium
376 3251 457 3313 bene
471 3254 642 3329 composita
656 3253 807 3315 disturbat
821 3262 852 3316 et
865 3261 993 3315 renovat
1007 3254 1147 3314 adlectus
1165 3259 1194 3312 et

212 3335 370 3408 quicquid
389 3335 562 3396 inbecillum
577 3338 608 3397 in
622 3337 722 3398 animo
738 3353 795 3398 nec
811 3343 1006 3413 percuratum
1021 3343 1085 3410 est,
1111 3338 1195 3396 exul-

222 3425 315 3478 cerat.
344 3417 545 3479 Miscenda
562 3428 686 3481 tamen
707 3419 1193 3493 istaetnlternandasint,

222 3501 397 3563 solitudo
423 3508 459 3562 et
483 3502 721 3580 lrequentia=
750 3506 801 3565 illa
817 3505 906 3566 nobis
928 3504 1018 3565 laciet
1041 3503 1192 3565 homiuum
