2528 3906
207 257 270 321 116
396 257 429 315 n.
452 235 596 314 Annaei
620 254 991 314 superstantium.
1088 207 1092 210 ¹

208 411 305 470 luisse
320 407 378 467 sibi
400 408 544 466 contessa
558 412 618 477 est,
641 407 709 480 plus
731 423 820 480 quam
843 409 990 482 populum
1005 409 1187 481 Romanum,

207 507 300 568 quern
314 491 437 552 nolebat
449 490 565 550 tristem
575 489 694 548 tristitia
705 505 762 549 sua
773 490 882 564 lacere,
899 493 967 565 plus
980 507 1071 566 quam
1081 494 1189 567 Angu-

208 584 304 648 stum,
323 572 376 649 qui
391 574 542 633 subducto
558 574 652 632 altero
669 572 852 633 adminiculo
867 573 1015 634 titubabat
1031 591 1088 635 nec
1103 577 1189 636 luctu

209 675 333 720 suorum
358 657 550 716 inclinandus
577 663 656 728 erat,
690 657 760 730 plus
789 673 879 730 quam
904 658 1056 717 Tiberium
1080 659 1187 731 filium,

209 743 297 803 cuius
314 741 412 816 pietas
434 740 600 811 efficiebat,
622 746 655 798 ut
675 739 705 800 in
722 741 772 800 illo
788 741 899 800 acerbo
915 745 946 800 et
959 740 1072 802 defleto
1087 744 1187 816 genti-

84 860 87 872 ‹
181 827 267 887 abus
282 827 387 884 lunera
401 823 475 882 nihil
490 823 548 882 sibi
563 821 622 881 nisi
643 838 801 882 numerum
823 823 934 883 deesse
955 825 1088 884 sentiret.
1118 826 1187 898 llio,

209 917 242 969 ut
255 909 380 983 opinor,
402 907 502 966 aditus
518 906 560 965 illi
580 907 650 980 luit,
672 906 732 966 hoc
746 907 927 981 principium
943 903 1027 983 apud
1042 909 1187 967 feminam

210 991 364 1068 opinionis
390 1006 466 1050 suae
496 990 655 1050 custodem
686 988 963 1064 diligentissimam:
1002 991 1129 1066 „Usque
1156 993 1188 1050 in

209 1076 292 1136 hunc
306 1076 401 1148 diem,
417 1075 508 1146 lulia,
532 1079 676 1149 quantum
694 1075 818 1149 quidem
834 1090 891 1148 ego
907 1075 1018 1148 sciam,
1035 1076 1188 1135 adsiduus

209 1159 267 1218 viri
281 1159 325 1218 tui
340 1173 453 1230 comes,
467 1157 515 1218 cui
530 1174 591 1218 non
607 1163 720 1218 tantum
737 1158 860 1232 quaein
874 1157 1030 1233 publicum
1045 1159 1190 1220 emittun-

211 1251 260 1303 tur
273 1248 360 1316 nota‚
383 1243 440 1302 scd
461 1257 568 1302 omnes
588 1248 660 1301 sunt
680 1240 863 1301 secretiores
884 1243 1052 1302 animorum
1067 1248 1188 1302 vestro-

210 1344 276 1387 rum
292 1332 402 1399 motus,
419 1325 529 1385 dedisti
541 1340 674 1400 operam,
691 1341 729 1384 ne
742 1325 815 1399 quid
827 1333 910 1385 esset
923 1327 1007 1400 quod
1018 1327 1048 1385 in
1060 1334 1089 1388 te
1102 1327 1187 1401 quis-

179 1417 303 1485 4quam
324 1409 570 1486 reprehenderet.
602 1425 659 1468 nec
678 1409 710 1468 id
729 1407 760 1467 in
779 1397 945 1471 maioribus
965 1403 1057 1471 m'odo
1080 1408 1189 1469 obser-

211 1494 299 1568 vasti,
316 1495 371 1553 sed
386 1494 415 1551 in
432 1493 569 1564 minimis,
584 1507 625 1551 ne
640 1493 714 1566 quid
728 1493 856 1564 laceres,
874 1492 922 1551 cui
935 1493 1054 1566 lamam,
1070 1493 1188 1552 uberri-

210 1595 291 1639 mam
318 1577 488 1652 principum
513 1575 662 1649 iudicem,
689 1577 783 1640 uelles
813 1576 984 1650 ignoscere.
1016 1593 1073 1644 nec
1101 1577 1189 1651 quic-

212 1677 305 1738 quam
329 1658 488 1736 pulchrius
513 1659 653 1719 existimo
675 1675 766 1734 quam
786 1659 816 1718 in
840 1675 958 1720 summo
980 1661 1101 1736 fastigio
1125 1661 1189 1719 eol-

211 1746 327 1805 locatas
342 1745 502 1803 multarum
516 1758 618 1803 rerum
633 1742 753 1802 veniam
767 1742 851 1818 dare,
865 1744 976 1804 nullius
990 1752 1107 1820 petere:
1123 1759 1191 1802 ser-

211 1829 333 1888 vandus
354 1828 457 1902 itaque
478 1826 531 1889 tibi
556 1827 586 1886 in
607 1826 665 1886 bac
687 1843 812 1902 quoque
832 1843 867 1887 re
887 1835 957 1887 tuus
977 1845 1045 1888 mos
1060 1835 1122 1899 est,
1150 1843 1191 1886 ne
1210 1883 1215 1888 .

214 1913 289 1989 quid
304 1913 482 1985 committas,
499 1911 582 1986 qnod
597 1911 696 1972 minus
711 1911 836 1970 aliterve
850 1913 962 1972 lactum
975 1913 1062 1971 velis.

185 2004 201 2054 1
275 1998 313 2056 V.
326 1996 443 2057 Deinde
455 2011 509 2055 oro
523 2002 616 2069 atque
627 1995 768 2068 obsecro,
781 2010 820 2053 nc
830 2001 859 2053 te
873 1994 1028 2056 difficilem
1041 1994 1147 2056 amicis
1162 2002 1192 2054 et

213 2080 433 2142 intractabilem
449 2085 599 2153 praestes.
622 2094 682 2138 non
698 2079 836 2138 estenim
848 2078 932 2154 quod
943 2078 1067 2154 ignores
1080 2095 1190 2138 omnes
1256 2069 1257 2078 ’

212 2164 272 2222 lios
286 2162 421 2233 nescim,
438 2161 695 2235 quemadmodum
709 2177 744 2221 se
758 2169 877 2235 gerant,
896 2163 1060 2238 loquantur
1074 2163 1191 2238 aliquid

214 2262 318 2306 coram
338 2252 368 2303 te
389 2245 427 2304 de
442 2245 541 2305 Druso
557 2261 596 2304 an
610 2245 699 2318 nihil,
720 2259 758 2304 ne
774 2253 826 2306 aut
840 2245 952 2306 oblivio
968 2245 1129 2306 clarissimi
1145 2246 1191 2304 iu-

184 2329 300 2388 2venis
316 2329 358 2388 illi
373 2329 463 2388 iaciat
476 2327 615 2388 iniuriam
631 2336 682 2388 aut
696 2331 807 2389 mentio
823 2327 885 2388 tibi.
914 2330 987 2390 Cum
1001 2330 1190 2390 secessimus
1255 2321 1256 2377 l

214 2420 244 2473 et
257 2411 288 2472 in
300 2428 394 2473 unum
406 2394 614 2486 convenimus,
631 2414 711 2472 lacta
722 2413 788 2472 eius
800 2411 943 2486 dictoque
956 2420 1069 2488 quanto
1081 2414 1192 2472 meruit

215 2503 363 2573 suspectu
377 2497 575 2556 celebramus.
604 2512 707 2556 coram
721 2503 752 2556 te
765 2497 858 2559 altum
872 2497 961 2557 nobis
977 2497 1021 2556 de.
1031 2497 1082 2556 illo
1098 2497 1190 2555 silen·
1254 2545 1255 2568 ,

213 2581 288 2642 tium
303 2585 363 2640 est:
387 2595 474 2640 cares
489 2580 593 2654 itaque
608 2579 740 2640 maxima
762 2582 932 2656 voluptate,
956 2580 1008 2640 lilii
1029 2581 1071 2640 tui
1093 2580 1191 2638 laudi-

214 2666 282 2738 buS,
298 2679 376 2738 quas
391 2679 451 2723 non
467 2664 573 2725 dubito
589 2663 660 2740 quin
678 2665 724 2724 vel
740 2664 884 2740 inpendio
899 2663 993 2736 vitae,
1010 2664 1036 2722 si
1052 2670 1191 2738 potestas

185 2749 318 2822 bdetur,
343 2747 374 2805 in
399 2763 508 2808 aevum
535 2764 624 2809 omne
645 2748 688 2807 sis
713 2755 920 2822 prorogatum.
954 2747 1053 2820 Quare
1074 2752 1191 2822 patere,
1253 2741 1254 2744 ’

149 2843 155 2855 ·
215 2831 307 2890 immo
323 2845 449 2890 accerse
465 2845 640 2904 sermones,
667 2831 779 2904 quibus
794 2830 844 2889 ille
863 2839 1000 2890 narretur
1019 2837 1049 2888 et
1066 2836 1191 2904 apertas

216 2929 307 2973 aures
322 2913 435 2988 praebe
456 2913 622 2974 adnomen
644 2913 880 2988 memoriamque
900 2913 953 2973 filii
973 2914 1026 2972 tui.
1058 2929 1115 2973 nec
1130 2912 1192 2972 boc
1252 2925 1253 2934 ¹

215 3012 308 3071 grave
324 2996 449 3056 duxeris
465 3004 632 3076 ceterorum
649 3011 742 3069 more,
759 2997 855 3072 quiin
871 2996 1019 3058 eiusmodi
1033 3013 1109 3058 casu
1120 3011 1192 3070 par·

188 3087 274 3146 stem
296 3079 366 3138 mali
386 3086 493 3154 putant
511 3079 616 3139 audire
636 3081 753 3140 solatia.
785 3080 871 3140 Nunc
892 3079 1055 3140 incubuisti
1075 3088 1140 3140 tota
1161 3081 1193 3138 in
1251 3135 1252 3154 ,

216 3164 339 3223 alteram
361 3169 478 3238 partem
499 3171 529 3223 et
550 3163 642 3224 oblita
662 3162 820 3224 meliorum
847 3167 996 3224 fortunam
1021 3172 1104 3224 tuam
1129 3181 1194 3239 qua
1251 3161 1252 3240 l

217 3247 349 3306 deterior
362 3253 410 3306 est
424 3247 568 3323 adspicis.
597 3263 660 3308 non
675 3249 850 3308 convertisti
863 3256 893 3308 te
908 3248 948 3306 ad
963 3248 1122 3308 convictus
1137 3247 1193 3308 filii
1244 3241 1252 3316 ‚l

216 3330 259 3390 tui
280 3345 490 3404 occursusque
511 3331 677 3404 iucundos,
706 3347 768 3390 non
794 3331 831 3390 ad
862 3331 993 3406 pueriles
1019 3332 1193 3406 dulcesque

216 3414 392 3486 blanditias,
414 3430 475 3472 non
491 3415 530 3472 ad
550 3414 735 3474 incrementa
750 3415 927 3474 studiorum.
954 3415 1087 3474 ultimam
1109 3415 1193 3474 illam

218 3497 325 3556 taciem
339 3511 440 3570 rerum
456 3497 579 3570 premis.
610 3499 752 3570 inillam,
776 3497 864 3572 quasi
879 3513 986 3572 parum
1000 3499 1068 3573 ipsa
1084 3513 1194 3573 perse
1249 3565 1250 3576 ἶ

1239 3595 1250 3840 l
