2528 3906
181 222 244 286 106
424 271 426 278 .
474 220 509 284 l..
527 219 674 284 ANNAEI
696 220 871 284 SENECAE

150 375 151 378 ’
179 374 266 436 alteri
286 380 391 450 erepta
410 373 583 447 transferri,
611 372 718 434 eadem
740 371 962 434 adfectantibus
984 387 1105 449 pugnas
1126 377 1158 434 et

180 457 278 534 iurgia
292 458 434 518 excitant.

148 552 164 604 t
239 541 360 602 XXXV
381 537 596 616 Respondisse
609 539 663 600 tibi
678 556 802 600 servum
816 536 984 616 indignaris
1001 539 1157 600 libertum·
1253 549 1254 606 ῑ

181 639 242 700 que
259 633 290 686 et
302 639 431 686 uxorem
445 631 476 684 et
496 622 652 684 clientem·
674 623 784 684 deinde
799 623 879 684 idem
894 622 933 682 de
947 623 1105 699 republica
1120 622 1155 682 li·
1253 625 1254 630 ’

178 708 327 768 bertatem
341 707 491 770 sublatam
499 723 646 782 quereris,
663 705 845 782 quamdomi
858 705 1016 768 sustulisti
1043 723 1155 766 rursus

144 803 165 854 ι
179 793 206 852 si
220 793 315 852 tacuit
328 793 540 866 interrogatus,
555 793 775 852 contumaciam
790 804 896 851 vocas.
916 790 955 851 Et
969 791 1110 866 loquetur
1124 797 1156 850 et

178 881 329 936 taceatet
347 875 459 936 rideat·
493 889 598 935 coram
618 874 798 935 dominat·
790 873 907 950 unquis:
942 874 1032 935 immo
1049 889 1155 936 coram

179 965 266 1036 patre
283 959 422 1018 familiae
451 957 530 1033 Quid
544 959 680 1018 clamas?
696 956 770 1033 quid
785 955 986 1018 vociferarist
1008 957 1080 1032 quid
1096 955 1153 1016 ila-

178 1043 259 1117 gella
273 1043 374 1102 media
388 1057 485 1102 coena
499 1041 588 1140 petis,
605 1041 690 1138 quod
704 1041 785 1102 servi
800 1043 973 1117 loquuntur,
991 1041 1076 1117 quod
1090 1057 1154 1102 non

141 1139 163 1192 3
179 1127 288 1186 eodem
304 1128 373 1186 loco
388 1125 477 1186 turba
491 1125 650 1186 concionis
664 1132 721 1200 est,
736 1123 888 1186 silentium
902 1123 1129 1186 solitudinis?
1120 1141 1154 1184 ιιι

178 1208 238 1270 boc
251 1209 348 1270 habes
363 1225 463 1282 aures,
483 1216 592 1270 utnon
605 1209 759 1270 modulata
772 1215 887 1270 tantum
908 1216 939 1270 et
951 1209 1054 1268 mollia
1068 1215 1099 1268 et
1113 1223 1155 1268 ex

178 1293 260 1353 dulor
271 1300 367 1354 tracta
375 1291 599 1368 compositaque
610 1293 776 1368 acclplant
798 1293 931 1354 ctrrsum
943 1291 1051 1352 audias
1059 1307 1155 1367 opor

177 1383 221 1436 tet
236 1383 266 1437 et
283 1377 395 1448 fletum,
412 1383 443 1436 et
455 1377 617 1438 blanditias
632 1383 663 1437 et
676 1376 754 1451 lites,
775 1383 805 1437 et
824 1391 976 1452 prospera
996 1382 1026 1436 et
1044 1375 1153 1450 tristia,

177 1467 208 1520 et
220 1459 375 1521 hominum
389 1458 842 1522 vocasetircmitusanimalium
856 1461 1055 1535 latratusque.
1072 1459 1153 1533 Quid

177 1544 271 1604 miser
286 1544 469 1618 expavescis
492 1544 532 1602 ad
553 1545 715 1603 clamorem
735 1543 827 1616 servi,
847 1543 921 1605 adt
908 1543 1046 1604 tinnitum
1068 1543 1153 1602 aeris

177 1628 251 1687 aut'
243 1643 353 1687 ianuae
373 1627 547 1703 inpulsum?
575 1643 642 1687 eum
657 1634 716 1686 tam
732 1627 880 1688 delicatus
895 1627 998 1700 fueris,
1021 1627 1155 1686 tonitrua

140 1716 162 1769 ι
176 1710 330 1770 audienda
344 1717 424 1770 sunt.
452 1711 518 1772 Hoc
527 1711 619 1784 quod
625 1711 664 1770 de
677 1709 802 1770 auribus
818 1707 930 1772 dictum
946 1717 1001 1784 est,
1017 1711 1153 1770 transler

178 1793 219 1852 ed
234 1794 351 1868 oculos,
368 1795 420 1869 qui
434 1809 495 1854 non
510 1794 610 1854 minus
626 1793 749 1854 lastidio
764 1794 911 1868 laborant,
927 1793 959 1853 si
969 1795 1047 1854 male
1064 1793 1151 1854 insti-

176 1878 230 1938 tuti
246 1884 330 1938 sunt:
352 1877 470 1938 macula
485 1875 679 1938 offenduntur
699 1885 729 1937 et
743 1877 887 1940 sordibus
902 1883 933 1937 et
954 1884 1080 1951 argento
1097 1891 1151 1952 pa-

139 1967 242 2021 tarum
263 1961 425 2036 splendido
443 1968 473 2020 et
492 1967 601 2036 stagno
622 1978 683 2022 non
704 1961 744 2020 ad
764 1963 863 2021 solum
867 1963 1069 2036 perlucente.
1111 1959 1152 2019 ili

175 2061 287 2120 nempe
304 2045 392 2118 oculi,
413 2045 540 2120 quinon
556 2045 656 2105 ierunt
675 2045 734 2104 nisi
749 2047 864 2104 varium
885 2061 921 2104 ac
939 2044 1056 2104 recenti
1076 2061 1152 2104 cura

173 2127 275 2188 nitens
291 2143 432 2200 marmor,
447 2127 500 2202 qui
514 2143 651 2188 mensam
665 2128 724 2188 nisi
739 2128 854 2188 crebris
868 2126 1039 2188 distinctam
1051 2129 1150 2201 reuiS,

173 2211 230 2286 qui
244 2211 352 2272 nolunt
366 2211 448 2271 dorni
462 2210 520 2270 nisi
535 2227 609 2272 auro
625 2213 807 2288 pretiosiora
824 2212 943 2285 calcari,
958 2211 1149 2286 aequissimo

172 2294 277 2354 animo
292 2293 367 2354 loris
379 2301 409 2354 et
420 2294 547 2354 scabros
558 2297 738 2371 lutosasque
751 2297 873 2355 semitas
886 2301 1026 2368 spectant
1040 2302 1071 2354 et
1085 2311 1149 2354 mu

174 2378 270 2438 iorem
285 2385 401 2454 partem
416 2379 619 2439 ocurrentium
634 2379 814 2455 squalidam,
829 2379 963 2454 parietes
978 2377 1150 2438 insularum

171 2477 298 2536 exesos
313 2463 455 2535 rimosus,
471 2460 660 2537 inaequales.
704 2463 782 2536 Quid
797 2478 870 2537 ergo
885 2463 968 2522 aliud
982 2469 1037 2537 est,
1062 2462 1149 2559 quod

171 2545 265 2606 illos
257 2563 288 2606 ιιι
309 2545 433 2622 publico
449 2562 511 2606 non
527 2545 670 2618 offendat,
692 2545 775 2607 domi
789 2553 918 2618 moveat,
934 2561 1025 2620 quam
1041 2546 1148 2621 opinio

170 2628 234 2690 illic
248 2647 349 2706 aequa
363 2637 393 2690 et
405 2629 534 2704 patiens,
550 2629 632 2689 domi
643 2645 767 2690 morosa
782 2637 812 2690 et
826 2631 973 2704 querulae

141 2718 157 2770 ι
234 2712 367 2774 XXXVl.
385 2713 616 2774 Omnessensus
627 2712 817 2788 perducendi
831 2713 951 2774 suntad
963 2711 1147 2774 firmitatem

170 2803 281 2856 natura
296 2797 445 2872 patientes
460 2803 540 2870 sunt,
560 2795 588 2858 si
602 2798 720 2858 animus
740 2797 810 2858 illos
831 2797 921 2857 desiit
937 2813 1147 2872 corrumpere,

104 2925 107 2929 -
173 2880 225 2954 qui
241 2879 352 2940 cotidie
365 2881 405 2940 ad
418 2879 566 2941 rationem
580 2881 768 2941 reddendam
782 2882 1005 2942 vocandust
957 2889 1013 2942 est.
1039 2880 1144 2940 Facie-

168 2961 225 3022 bat
241 2963 301 3024 hoc
316 2962 448 3037 Sextius,
470 2971 504 3024 ut
520 2972 728 3026 consummato
744 2965 802 3040 die,
825 2979 894 3024 oum
910 2981 945 3026 se
966 2965 1006 3024 ad
1021 2972 1146 3025 noctur-

168 3062 242 3106 nam
255 3047 385 3122 quictem
399 3048 578 3122 recepisset,
589 3049 927 3146 interrougaretanimum
939 3065 1042 3109 suum:
1059 3048 1147 3124 quod

170 3127 264 3191 hodie
278 3131 390 3192 melum
403 3137 487 3192 tuum
502 3132 639 3193 sanasti?
658 3133 707 3192 eui
722 3131 793 3192 vitio
806 3131 966 3194 obstitisti?
981 3147 1043 3207 qua
1056 3137 1148 3207 parte

135 3213 277 3274 timelior
288 3221 344 3274 est
378 3215 524 3275 Desinet'
517 3231 562 3276 rra
576 3223 606 3276 et
620 3216 804 3277 moderatior
817 3214 882 3290 erit,
899 3231 977 3292 quae
992 3215 1069 3276 sciet
1084 3213 1146 3274 sibi

171 3295 283 3357 cotidie
298 3297 337 3357 ad
352 3297 481 3358 iudicem
497 3313 569 3358 esse
582 3301 775 3361 veniendum.
807 3301 971 3376 quicquam
986 3314 1059 3374 ergo
1077 3300 1146 3373 pul

170 3379 274 3442 obrius
289 3380 347 3440 hac
362 3382 584 3444 consuetudine
599 3381 771 3444 excutiendi
784 3389 880 3445 totum
895 3383 997 3450 diem‘t
1037 3382 1146 3457 Qualis

168 3463 219 3524 ille
234 3480 362 3544 somnus
373 3471 445 3540 post
458 3465 696 3542 recognitionem
708 3467 756 3528 sui
767 3468 925 3597 sequiturt
959 3481 1048 3542 quam
1061 3473 1148 3527 uan-

282 3559 315 3609 J
315 3531 404 3700 N

247 3673 252 3709 Ι
404 3705 409 3722 i

247 3720 251 3779 ’ἰ
316 3744 318 3746 .
408 3720 421 3746 ἱ
