2522 3906
160 243 202 305 ll
448 243 481 300 L.
504 239 651 300 ANNAEI
675 237 852 298 SENECAE

130 393 218 456 lbos
243 401 342 453 tamen
368 389 496 466 Hispani
522 389 660 462 Gallique
679 393 712 446 el
727 387 822 448 Asiae
843 385 1013 464 Syriaeque
1028 387 1138 448 molles

158 477 239 538 bello
263 475 334 548 viri,
361 482 522 549 antequam
546 472 625 546 legio
652 471 780 546 visatur,
807 471 938 532 caedunt
963 471 1003 531 ob
1025 463 1139 532 nulla‘m

160 561 249 620 aliam
269 575 333 618 rem
359 564 549 633 opportunos
575 571 668 629 quam
687 553 884 616 iracundiam.
916 553 1057 629 Agedum
1078 555 1139 614 illis

160 643 357 718 corporibus,
373 641 432 701 illis
448 641 556 700 animis
573 639 713 712 delicias,
735 640 855 711 luxum,
878 653 954 714 opes
970 637 1138 712 ignoranti-
1251 679 1252 714 ,

159 727 216 786 bus
238 726 460 798 durationem,
487 725 528 784 da
547 723 752 797 disciplinam:
777 729 811 783 ut
825 721 867 780 nil
882 721 1012 796 amplius
1027 721 1138 796 dicam,

130 817 288 870 enecasse
303 808 456 868 erilsscente
477 808 567 868 uobis
585 821 688 866 mores
707 807 865 866 Romanos
881 813 1030 879 repetere.
1070 805 1138 878 Quo
1251 803 1252 878 ξ

158 894 217 952 alio
232 893 345 952 Fabius
360 893 496 965 adiectas
510 889 629 964 imperii
648 890 731 948 uires
752 889 915 962 recreavit,
939 903 1031 963 quam
1052 888 1139 962 quod

158 977 292 1036 cunctari
308 975 471 1035 attrahere
485 975 640 1034 almorari
662 972 763 1046 scivit,
786 988 865 1048 quae
886 972 988 1034 omnia
1002 971 1069 1030 irati
1084 987 1139 1030 ne

158 1060 280 1120 sciunt?
310 1058 443 1118 Perierat
456 1057 625 1132 imperium
645 1056 728 1131 quod
742 1064 813 1116 tuuc
827 1057 857 1116 in
872 1063 1008 1116 extremo
1026 1056 1138 1127 stabat,

157 1145 184 1202 si
197 1142 309 1204 Fabius
324 1149 439 1203 tantum
454 1157 549 1202 ausus
570 1149 653 1200 essct
674 1146 819 1214 quantum
840 1139 886 1200 ira
900 1138 1062 1200 suadebam
1084 1138 1139 1198 ba·

157 1227 222 1286 buit
235 1227 265 1285 in
282 1227 409 1286 consilio
426 1227 577 1286 loctunam
598 1222 751 1299 publicam
772 1229 802 1282 ct
822 1223 987 1282 aestimatis
1008 1221 1138 1296 viribuS,

158 1326 198 1368 ex
217 1310 328 1385 quibus
344 1311 403 1370 iam
418 1308 519 1385 perire
540 1307 613 1367 nibil
635 1309 704 1368 sine
724 1307 868 1368 uniuerso
891 1311 1025 1381 poterat,
1047 1305 1139 1365 dolo-

156 1409 220 1452 rem
235 1394 443 1469 ultionemque
458 1391 605 1467 seposuit.
639 1392 667 1450 in
678 1407 770 1450 unam
781 1390 938 1452 utilitatem
952 1397 983 1449 et
997 1390 1139 1450 occasio·
1251 1439 1252 1458 ,

129 1476 214 1537 fines
242 1479 375 1538 intentus
401 1477 474 1536 iram
500 1481 570 1534 ante
593 1473 666 1533 vicit
692 1490 781 1548 quam
806 1473 1017 1534 Hannibalem.
1057 1471 1139 1546 Quid

158 1561 284 1636 Scipio?
317 1577 377 1619 non
399 1559 505 1618 relicto
525 1558 695 1617 Hannibale
709 1565 740 1616 ct
752 1555 867 1618 Punico
883 1556 1020 1616 exercitu
1039 1557 1137 1618 omui·
1251 1607 1252 1638 ,

156 1645 278 1718 busque
294 1643 405 1718 quibus
419 1642 613 1701 irascendum
628 1647 701 1714 erat,
712 1640 829 1700 bellum
839 1641 870 1702 iu
888 1640 1024 1703 Africam
1037 1648 1138 1700 trans-

156 1727 222 1786 tulit
234 1735 293 1786 tam
308 1728 423 1800 lentae,
439 1733 472 1786 ut
486 1725 661 1800 opinionem
683 1724 821 1786 luxuriae
841 1725 1052 1800 segnitiaeque
1072 1741 1137 1787 rua·
1251 1753 1252 1780 l

127 1809 245 1884 ilignis
268 1811 374 1869 daret?
415 1809 493 1883 Quid
513 1811 588 1868 alter
608 1807 733 1883 Scipio?
764 1825 827 1868 non
847 1807 928 1868 circa
947 1807 1139 1871 Numantiam

155 1895 280 1954 mullum
296 1894 410 1968 diuque
425 1891 506 1952 sedit
520 1899 550 1953 et
564 1892 645 1951 bunc
660 1907 750 1952 suum
768 1891 983 1966 publicumque
998 1893 1139 1954 dolorem

155 1992 255 2052 aequo
270 1978 370 2037 animo
385 1976 466 2048 tulit,
482 1976 594 2036 diutius
613 1975 807 2036 Numantiam
818 1991 912 2050 queue
925 1975 1139 2050 Carthaginem

156 2061 261 2120 vincit
292 2061 365 2120 dum
380 2061 587 2119 circumvallat
601 2065 631 2119 et
644 2058 771 2120 includit
783 2057 918 2130 hostem,
936 2074 973 2120 eo
990 2061 1136 2134 conpulit,

124 2141 186 2202 eur
200 2144 280 2203 lauro
296 2143 355 2218 ipsi
377 2159 434 2203 sato
451 2143 604 2202 caderent
647 2143 714 2202 Non
739 2148 786 2202 csl
807 2142 911 2216 itaque
932 2143 1014 2204 utilis
1039 2159 1078 2202 ne
1104 2145 1134 2202 in
1251 2171 1252 2184 κ

154 2227 279 2300 proeliis
295 2226 423 2301 quidem
433 2233 484 2286 aut
498 2227 586 2286 bellis
601 2227 655 2285 ira.
685 2227 716 2286 in
731 2225 930 2288 temeritatem
942 2225 1024 2286 euim
1033 2243 1136 2300 prona
1251 2287 1252 2294 ,

154 2318 215 2378 est,
238 2317 268 2370 et
282 2311 418 2384 pericula
432 2311 504 2368 dum
519 2309 630 2369 inferre
646 2311 723 2380 vult,
745 2325 805 2370 non
828 2317 923 2372 canet.
959 2310 1014 2368 illa
1029 2310 1137 2372 cerlis-

154 2393 294 2453 simaest
309 2395 406 2454 virtus
429 2409 507 2468 quae
529 2408 566 2451 sc
585 2393 639 2452 diu
658 2393 845 2465 multumque
865 2388 1083 2468 circumspexit
1104 2400 1137 2453 et
1251 2419 1252 2450 t

152 2477 275 2536 renitet
290 2493 328 2536 ox
343 2479 426 2538 lento
440 2492 476 2536 ac
492 2477 642 2536 destinato
659 2477 813 2550 prouenit..

124 2565 140 2616 1
213 2560 276 2620 Xll.
299 2561 399 2636 „Quid
414 2567 510 2634 crgo?
531 2560 666 2634 [ioquin]
681 2559 727 2620 vir
741 2559 842 2620 bouus
857 2575 919 2622 uon
933 2559 1083 2633 irascitur,
1107 2561 1135 2621 si
1251 2569 1252 2596 ¹

153 2644 240 2703 caedi
257 2652 373 2718 patrem
389 2661 477 2706 suum
490 2644 609 2714 viderit,
625 2645 652 2703 si
667 2644 733 2718 rapi
748 2647 916 2704 matreml⁴‘
938 2643 1005 2706 Non
1020 2644 1135 2708 irasce·

152 2734 215 2798 tur,
237 2729 293 2786 sed
309 2726 488 2800 vindicabit,
505 2728 562 2786 sed
575 2727 715 2786 tuebitur.
749 2726 826 2800 Quid
840 2733 963 2788 auleml
981 2729 1079 2800 times,
1095 2745 1137 2788 ne

153 2826 259 2883 parum
280 2825 411 2884 magnus
430 2811 472 2868 illi
488 2810 627 2870 stimulus
643 2810 732 2870 ctiam
747 2810 816 2872 sine
828 2811 873 2868 ira
887 2810 985 2884 pietas
1002 2813 1064 2873 siti.
1083 2819 1137 2872 aut
1251 2811 1252 2858 l

152 2892 201 2951 dio
222 2895 331 2954 eodem
352 2893 460 2952 modo:
483 2892 561 2966 Quid
576 2899 674 2968 angor
692 2909 762 2954 curu
775 2894 877 2956 uideat
898 2893 997 2954 secari
1018 2901 1136 2968 patrem
1251 2931 1252 2946 κ

152 2992 240 3035 suum
256 2977 405 3050 filiumve,
419 2977 466 3035 vir
480 2976 582 3036 bonus
596 2993 661 3036 non
673 2975 758 3038 flebit
772 2992 829 3036 nee
843 2977 996 3051 linquetur
1010 2977 1137 3040 animo?

152 3076 231 3134 quae
245 3062 387 3120 accidere
402 3059 521 3120 leminis
536 3058 693 3134 videmus,
715 3062 861 3135 quot-iens·
877 3061 949 3125 illae
959 3061 1036 3120 levis
1052 3061 1135 3136 perl-
1251 3071 1252 3104 l

120 3143 209 3202 iculi
231 3145 367 3218 suspicio
391 3143 528 3218 perculit.
563 3143 675 3204 Ollinia·
692 3160 750 3206 sua
768 3144 930 3206 virbonus
952 3147 1137 3220 exsequitur
1251 3143 1252 3156 ¹

150 3227 345 3301 inconfusus,
366 3225 547 3302 intrepidus.
577 3236 607 3288 et
626 3227 675 3287 sic
686 3228 768 3289 bono
785 3225 849 3288 viro
866 3227 958 3302 digua
973 3229 1078 3300 iaciat,
1101 3235 1137 3289 ul
1153 3216 1172 3242 ⁸

149 3310 222 3370 nihil
250 3309 341 3371 iaciat
361 3312 429 3372 viro
451 3312 617 3386 indignum.
661 3311 751 3373 Pater
772 3311 931 3372 caedetur:
958 3311 1137 3374 delendam.

120 3395 260 3455 beessus
275 3403 337 3455 est:
353 3410 521 3470 exsequar,
543 3395 616 3471 quia
630 3401 765 3470 oportet,
780 3411 841 3456 non
858 3395 930 3470 quia
944 3396 1035 3456 dolel.
1060 3394 1137 3455 Cum
1251 3391 1252 3424 ³

148 3477 208 3538 hoe
223 3479 316 3556 dicia,
332 3479 556 3555 Theophrasto,
580 3479 704 3554 quaeris
720 3478 864 3540 invidiam
880 3479 1054 3554 praeceptis
1071 3478 1134 3538 ior·
1251 3461 1252 3488 ¹
