2554 3888
217 264 285 328 210*
312 234 315 240 “
422 262 456 322 u.
478 261 625 322 nurum
647 261 823 323 sennenn
837 263 942 324 aran
957 264 993 323 x.

219 434 345 495 quoque
367 416 479 476 invasit
498 415 589 475 inane
611 415 744 476 studium
759 431 953 490 supervacua
968 417 1106 477 discendi
1150 418 1197 478 his
1257 431 1258 434 ’

220 504 330 563 diebus
345 500 449 561 audivi
465 500 627 574 quemdam
642 500 832 574 referentem,
846 515 926 574 quae
938 499 1052 575 primus
1066 498 1197 575 quisque
1257 517 1258 524 ¹

220 604 260 648 ex
274 585 422 646 Romanis
438 583 568 644 ducibus
585 584 723 644 fecisset:
740 583 855 659 primus
869 583 969 643 navali
986 583 1103 658 proelio
1115 585 1196 644 Duil·

146 729 153 740 ,
220 672 280 730 lius
294 671 381 744 vicit,
405 667 520 743 primus
537 667 645 728 Curius
660 668 806 728 Dentatus
822 667 852 726 in
867 667 1020 742 triumpho
1036 667 1124 727 duxit
1138 670 1196 727 ele-

221 755 363 829 phantos.
385 753 566 812 Etiamnunc
580 751 653 825 ista,
669 753 727 812 etsi
742 752 781 810 ad
796 767 900 810 veram
916 751 1044 825 gloriam
1058 767 1120 812 non
1136 758 1196 810 ten-

222 839 312 910 dunt,
334 837 416 909 circa
437 833 570 896 civilium
591 842 689 894 tamen
713 849 840 910 operum
864 837 1006 909 exempla
1026 842 1197 894 versantur.

223 939 283 986 non
307 926 355 979 est
377 919 536 994 profutura
556 919 624 979 talis
645 919 788 991 scientia,
813 925 991 990 esttamen,
1019 933 1100 994 quae
1115 924 1196 991 [nos]

189 1010 208 1064 4
223 1003 369 1078 speciosa
382 1017 483 1062 rerum
500 1001 631 1061 vanitate
646 1003 788 1062 detineat.
810 1003 877 1062 Hoc
892 1018 1016 1076 quoque
1026 1003 1197 1076 quaerenti-

195 1097 200 1106 '
222 1088 281 1147 bus
296 1087 493 1158 remittamus,
510 1085 580 1161 quis
595 1086 743 1146 Romanis
757 1084 872 1162 primus
887 1085 1077 1160 persuaserit
1088 1101 1199 1144 navem

223 1171 453 1231 conscenderet
479 1169 622 1228 Claudius
643 1170 669 1228 is
694 1171 762 1240 fuit,
782 1169 938 1230 Caudex
961 1169 1000 1229 ob
1021 1169 1081 1230 hoc
1095 1168 1200 1244 ipsam

222 1255 409 1329 adportatas,
434 1253 505 1328 quia
526 1253 656 1327 plurium
676 1255 846 1313 tabularum
868 1259 1030 1313 contextus
1046 1253 1200 1312 caudex

223 1339 306 1414 apud
320 1339 464 1412 antiquos
481 1344 622 1411 vocatur,
644 1339 727 1397 unde
743 1337 885 1412 publicae
899 1337 1020 1396 tabulae
1035 1335 1199 1397 codices
1257 1309 1258 1398 i

222 1423 364 1483 dicuntur
379 1429 410 1482 et
423 1437 518 1480 naves
535 1436 616 1480 nunc
633 1437 765 1496 quoque,
781 1435 861 1496 quae
873 1436 918 1479 ex
932 1419 1056 1496 antiqua
1067 1435 1200 1481 consue-

220 1507 327 1567 tudine
342 1512 529 1565 commeatus
543 1505 758 1578 [perTiberim]
771 1504 954 1578 subvehunt,
970 1503 1200 1564 codicariae

192 1602 209 1654 5
224 1596 380 1648 vocantur.
414 1587 496 1647 Sane
516 1595 546 1646 et
560 1587 618 1646 hot
633 1588 672 1646 ad
687 1603 751 1646 rem
769 1581 932 1662 pertineat,
955 1589 1038 1662 quod
1052 1587 1199 1648 Valerius

223 1671 373 1732 Corvinus
391 1670 506 1745 primus
521 1669 695 1730 Messanam
713 1671 782 1730 vicit
793 1678 823 1730 et
835 1671 949 1746 primus
961 1687 1000 1730 ex
1012 1671 1126 1730 familia
1138 1672 1197 1731 Va·

222 1756 363 1815 lariorum
384 1753 469 1814 urbis
492 1761 600 1828 captae
621 1755 650 1813 in
667 1770 701 1814 se
717 1756 862 1815 translato
879 1753 1001 1814 nomine
1014 1755 1199 1815 Messana

222 1839 394 1914 adpellatus
406 1845 454 1898 est
467 1838 673 1913 paulatimque
686 1840 776 1912 volgo
788 1845 978 1914 permutante
991 1839 1093 1898 literas
1104 1839 1199 1898 Mes·
1257 1879 1258 1888 ,

194 1924 323 1986 dsalla
334 1924 443 1983 dictus.
458 1923 533 1981 Num
547 1930 577 1981 et
588 1923 647 1982 hoc
659 1923 802 1997 cuiquam
815 1938 923 1982 curare
935 1923 1098 1997 permittes
1113 1923 1201 1998 quod

221 2007 338 2082 primus
353 2007 386 2064 L.
400 2005 484 2065 Sulla
499 2006 528 2064 in
545 2005 625 2065 circo
642 2007 748 2066 leones
765 2009 883 2067 solutos
897 2007 988 2080 dedit,
1001 2021 1069 2065 cum
1081 2007 1200 2080 alioqui
1252 1981 1258 2018 ’Ὺ

222 2090 346 2163 adligati
361 2089 517 2162 darentur,
533 2089 573 2147 ad
589 2089 797 2150 conficiendos
816 2106 871 2150 eos
887 2089 989 2150 missis
1005 2105 1107 2164 arege
1119 2091 1199 2151 Boc·
1257 2091 1258 2162 l

222 2173 280 2232 cho
296 2171 536 2231 iaculatoribus?
555 2181 585 2232 et
599 2173 658 2234 hoc
674 2189 749 2233 sane
763 2172 939 2234 remittatur.
971 2174 1049 2232 Num
1064 2181 1094 2234 et
1107 2173 1200 2234 Pom·
1257 2171 1258 2234 l

215 2256 325 2330 'peium
334 2255 590 2328 primumincirco
603 2257 833 2332 elephantorum
846 2255 1054 2332 duodeviginti
1062 2273 1200 2332 pugnam
1257 2239 1258 2328 l

223 2338 361 2398 edidisse
381 2339 554 2399 commissis
569 2355 654 2399 more
668 2341 776 2416 proelii
791 2341 891 2402 noxiis
906 2339 1080 2402 hominibus
1096 2341 1138 2401 ad
1153 2345 1200 2402 ul·
1257 2363 1258 2378 ¹

222 2422 281 2481 lam
301 2438 365 2482 rem
380 2422 492 2483 bonam
507 2424 656 2498 pertinet?
679 2425 823 2500 princeps
839 2425 968 2486 civitatis
983 2431 1014 2486 et
1027 2424 1106 2484 inter
1121 2427 1200 2486 anti·

223 2523 302 2581 quos
319 2507 488 2582 principes,
510 2513 542 2566 ut
557 2509 636 2566 fama
650 2506 789 2582 tradidit,
805 2509 948 2569 bonitatis
967 2507 1113 2580 eximiae,
1134 2525 1199 2568 me-

221 2591 368 2650 morabile
385 2591 499 2665 putavit
513 2591 680 2664 spectaculi
696 2607 793 2666 genus
806 2608 889 2652 novo
901 2608 986 2652 more
997 2593 1129 2668 perdere
1141 2593 1199 2652 ho-

221 2674 329 2733 mines.
362 2675 749 2749 depugnanttparumest.
782 2675 1116 2751 lancinanturtparum
1133 2684 1198 2736 est:
1257 2729 1258 2750 ,

192 2758 336 2831 fingenti
362 2760 442 2818 mole
464 2757 636 2818 animalium
656 2767 841 2824 exterantur.
875 2758 977 2820 Satius
1000 2766 1065 2819 erat
1086 2759 1145 2818 ista
1167 2761 1198 2818 in

222 2839 407 2900 oblivionem
421 2841 479 2914 ire,
497 2842 619 2916 nequis
635 2849 745 2918 postea
760 2850 872 2918 potens
888 2843 1021 2919 disceret
1032 2843 1198 2903 invideret-

222 2940 283 2999 que
299 2924 342 2983 rei
357 2923 478 2983 minime
493 2925 653 2984 humanae.
688 2925 711 2985 0
729 2934 873 3002 quantum
889 2926 1027 3002 caliginis
1042 2925 1196 2986 mentibus

222 3010 334 3068 nostris
357 3007 449 3068 obicit
463 3023 574 3082 magna
589 3009 730 3070 felicitas!
765 3011 868 3071 illese
884 3027 978 3086 supra
992 3026 1093 3071 rerum
1109 3017 1195 3069 nutu-

220 3107 285 3149 ram
301 3107 372 3150 esse
386 3098 458 3152 tunc
474 3091 616 3165 credidit,
633 3109 701 3152 cum
716 3101 761 3154 tot
774 3094 957 3154 miserorum
971 3094 1128 3170 homiuum
1142 3109 1196 3152 ca-

221 3181 324 3232 tervas
347 3175 403 3233 sub
423 3175 482 3234 alio
508 3175 595 3235 coelo
616 3177 694 3260 natis
709 3177 808 3237 beluis
824 3177 971 3252 obiceret,
998 3193 1067 3238 cum
1082 3178 1195 3237 bellum

221 3253 300 3312 inter
313 3261 374 3313 tam
392 3257 527 3329 disparia
542 3259 682 3318 animalia
697 3261 911 3334 committeret,
934 3277 1002 3322 cum
1017 3261 1048 3320 in
1064 3275 1197 3334 conspe·

222 3343 273 3396 ctu
295 3338 402 3410 populi
416 3339 545 3398 Romani
565 3343 689 3402 multum
711 3345 867 3418 sanguinis
883 3345 1023 3404 funderet
1037 3361 1109 3404 mox
1125 3345 1198 3418 plus
1257 3343 1258 3354 ¹

221 3419 325 3494 ipsum
349 3421 477 3478 fundere
502 3433 679 3485 coacturus:
706 3433 737 3486 at
759 3427 841 3487 idem
862 3435 972 3504 postea
986 3427 1199 3487 Alexandrina
1257 3417 1258 3492 ἒ

218 3501 352 3577 perfidia
383 3501 529 3579 deceptus
559 3508 664 3568 ultimo
689 3510 842 3585 mancipio
870 3512 1133 3573 transfodiendum
1159 3527 1198 3569 se
1257 3547 1258 3566 l
