2528 3906
203 207 258 268 ‚tlt
283 205 506 266 GALLIONEM
527 206 579 267 DE
599 207 694 266 vira
715 207 855 266 ΒΕΑΤΑ.
879 212 988 268 13-15
1032 203 1093 270 151

114 367 151 420 ut
162 357 282 418 illarum
297 357 426 432 vestigia
441 362 567 432 premat,
584 355 704 430 potiora
719 355 834 415 deserit
847 357 1010 431 multisque
1026 355 1094 419 olli·

115 443 174 502 ciis
196 442 363 500 renuntiata
385 441 425 500 ita
447 439 499 515 qui
519 446 652 500 sectatur
671 437 868 514 voluptatem,
889 439 989 498 omnia
1008 446 1094 514 post-

117 525 206 600 ponit
222 531 251 583 et
270 523 396 599 primam
411 523 578 583 libertatem
590 523 723 597 neglegit
738 538 774 582 ac
789 529 963 597 provenire
979 523 1094 598 depen-

114 608 172 683 dit,
190 623 249 668 nec
264 609 437 682 voluptates
460 607 517 666 sibi
532 607 612 679 emit,
634 607 690 665 sed
706 621 741 665 se
757 605 964 679 voluptatibus
979 605 1093 666 vendit.

182 691 249 750 XV.
271 690 368 766 „Quid
383 696 493 764 tamen,
508 690 613 765 inquit,
636 689 778 764 prohibet
797 689 827 748 in
847 705 940 749 unum
955 688 1128 756 virtutemr

117 775 371 850 voluptatemque
382 771 528 836 conlundi
542 780 572 834 et
582 772 662 833 ellici
675 789 825 832 summum
835 772 958 846 bonum,
971 779 1003 832 ut
1014 772 1094 832 idem

116 866 149 920 et
159 858 323 919 honestum
335 864 366 918 et
375 857 541 918 iucundum
552 857 631 917 sitt“
654 857 729 930 Quia
743 855 1012 932 parshonestinon
1027 863 1094 931 pot-

115 949 168 1004 est
183 957 256 1002 esse
270 941 328 1002 nisi
345 941 517 1014 honestum,
533 955 590 1000 neo
605 957 754 1000 summum
771 941 884 1000 bonum
896 939 1019 1000 habebit
1032 939 1093 999 sin·

116 1025 275 1086 ceritatem
290 1040 386 1100 suam,
402 1025 429 1084 si
444 1024 560 1100 aliquid
580 1025 609 1082 in
626 1041 660 1084 se
675 1023 784 1084 viderit
799 1023 947 1084 dissimile
967 1023 1094 1084 meliori.

116 1109 162 1168 Ne
176 1107 323 1184 gaudium
338 1109 460 1185 quidem
482 1110 564 1184 quod
580 1124 620 1167 ex
630 1107 740 1168 virtute
755 1107 859 1180 oritur,
880 1106 1019 1183 quamvis
1040 1107 1127 1172 bot

117 1209 191 1253 num
207 1192 257 1266 sit,
278 1193 409 1254 absoluti
425 1200 524 1254 tamen
538 1192 610 1252 boni
631 1207 704 1266 pars
725 1197 780 1262 est,
802 1207 863 1250 non
884 1191 982 1264 magis
1004 1206 1095 1266 quam

116 1277 234 1338 laetitia
254 1284 284 1337 et
302 1276 517 1352 tranquillitas,
536 1275 676 1350 quamvis
698 1290 736 1334 ex
758 1273 968 1349 pulcherrimis
992 1272 1094 1334 causis

116 1366 294 1420 nascantur.
323 1369 395 1422 sunt
415 1360 494 1420 enim
506 1361 565 1421 ista
583 1360 674 1432 bona,
692 1357 749 1417 sed
772 1355 993 1432 consequentia
1013 1373 1094 1416 sum-

116 1459 200 1503 mum
215 1443 339 1518 bonum,
355 1460 415 1506 non
432 1443 682 1505 consummantia.
707 1441 763 1515 Qui
780 1457 852 1500 vero
872 1441 989 1500 virtutis
1008 1441 1126 1506 volu-3

115 1527 276 1602 ptatisque
290 1525 467 1588 societatem
481 1528 554 1588 iacit
567 1535 647 1587 elne
664 1541 703 1585 ex
719 1541 819 1600 aequo
836 1524 966 1599 quidem,
982 1523 1094 1598 tragili-

115 1617 179 1672 tate
199 1609 323 1671 alterius
344 1611 417 1673 boni
439 1611 584 1687 quicquid
604 1609 634 1670 in
654 1611 747 1670 altero
769 1609 883 1683 vigoris
907 1615 955 1668 est
973 1607 1097 1670 hebetat

112 1695 350 1770 libertatemque
362 1695 453 1768 illam,
474 1692 516 1754 ita
530 1695 660 1766 demum,
675 1694 702 1753 si
718 1692 791 1752 nihil
806 1707 841 1752 se
855 1691 1019 1766 pretiosius
1040 1707 1096 1750 no·

116 1777 170 1847 vit,
188 1775 340 1852 invictum,
355 1778 413 1839 sub
428 1778 532 1853 iugum
547 1779 642 1838 mittit.
662 1793 743 1849 nam,
758 1790 838 1850 quae
850 1775 984 1840 maxima
999 1775 1095 1835 servi·

113 1943 306 2020 suspiciosa,
320 1945 449 2020 trepida,
471 1961 576 2005 casum
593 1959 725 2018 pavens:
746 1949 918 2016 temporum
940 1957 1095 2016 suspensa

114 2035 271 2088 momenta
286 2035 365 2094 sunt.
400 2029 467 2090 Non
482 2029 539 2088 das
559 2024 661 2088 virtuti
681 2025 906 2086 tundamentum
926 2039 1028 2100 grave,
1049 2024 1128 2084 ιιι-4

112 2112 240 2186 mobile,
256 2113 312 2172 sed
327 2111 415 2174 iubes
429 2111 511 2172 illam
525 2111 555 2170 in
570 2113 639 2171 loco
655 2109 780 2171 volubili
792 2115 884 2172 stare.
908 2108 981 2184 quid
994 2115 1095 2168 autem

113 2203 178 2255 tam
195 2195 329 2256 volubile
342 2203 398 2267 est,
416 2211 507 2272 quam
526 2195 716 2256 fortuitorum
734 2190 923 2269 exspectatio
939 2198 970 2252 et
984 2208 1094 2266 corpo·

114 2277 160 2338 ris
172 2293 338 2354 rerumque
350 2295 463 2354 corpus
476 2279 681 2340 adficientium
697 2277 849 2338 varietas?
870 2275 1029 2352 Quomodo
1045 2274 1095 2335 hic

114 2369 222 2436 potest
237 2363 295 2424 deo
311 2377 420 2438 parere
440 2371 471 2424 et
485 2362 629 2438 quicquid
652 2361 760 2434 evenit,
781 2359 864 2421 bono
885 2359 987 2420 animo
1011 2359 1093 2419 exci-

114 2461 193 2520 pere
208 2462 266 2507 nec
286 2447 326 2506 de
348 2449 409 2507 lato
432 2448 517 2523 queri
537 2462 663 2506 casuum
685 2460 811 2504 suorum
831 2442 982 2518 benignus
1003 2442 1093 2501 inter·

114 2545 201 2604 pres,
216 2530 243 2590 si
255 2532 295 2591 ad
308 2533 499 2606 voluptatum
514 2530 716 2602 dolorumque
731 2527 965 2602 punctiunculas
981 2541 1095 2585 coneu-

113 2612 210 2672 titurt
237 2615 348 2675 sedne
365 2613 481 2689 patriae
497 2613 619 2688 quidem
633 2613 734 2672 bonus
752 2617 833 2672 tutor
852 2617 905 2670 aut
918 2608 1032 2668 vindex
1047 2614 1095 2669 est

115 2712 176 2755 nec
188 2697 354 2760 amicorum
369 2704 587 2773 propugnator,
610 2697 637 2756 si
653 2694 693 2754 ad
709 2694 880 2768 voluptates
895 2691 1002 2766 vergit.
1038 2692 1126 2753 lllos

114 2793 193 2854 ergo
205 2797 357 2844 summum
369 2782 483 2844 honum
494 2780 671 2852 adscendat,
686 2777 769 2837 unde
782 2777 864 2837 nulla
876 2777 904 2836 vi
917 2775 1093 2851 detrahitur,

117 2877 180 2935 quo
196 2879 298 2940 neque
310 2865 408 2928 dolori
423 2877 524 2940 neque
536 2862 603 2938 spei
614 2877 671 2922 nec
685 2858 785 2922 timori
801 2861 839 2921 sit
854 2861 954 2921 aditus
969 2875 1026 2920 nec
1040 2861 1095 2922 ulli

115 2944 171 3020 rei,
188 2963 267 3022 quoe
282 2949 415 3009 deterius
434 2948 542 3009 summi
562 2946 635 3006 boni
655 2945 703 3006 ius
724 2944 823 3005 iaciat.
849 2944 1018 3006 escendere
1040 2960 1093 3006 au·

115 3035 177 3088 tem
193 3029 244 3092 illo
266 3032 332 3092 sola
352 3031 448 3094 virtus
471 3037 581 3106 potest.
610 3028 690 3089 illius
705 3028 803 3103 gradu
818 3028 916 3089 clivus
936 3028 994 3088 iste
1012 3028 1091 3088 tran·

117 3111 238 3186 genuus
255 3121 310 3176 est.
332 3116 384 3175 illa
399 3113 516 3177 lortiter
536 3113 629 3174 stabit
643 3120 673 3172 el
688 3111 835 3188 quicquid
850 3109 993 3182 evenerit,
1016 3112 1094 3173 leret

115 3211 178 3256 non
194 3197 314 3272 patiens
330 3206 455 3272 tantum,
471 3198 528 3259 sed
543 3197 631 3256 etiam
646 3195 762 3269 volenS,
779 3211 961 3270 omnemque
975 3201 1092 3269 tempo-

115 3294 184 3338 rum
199 3281 406 3344 difficultatem
420 3283 497 3342 sciet
517 3283 615 3355 legem
637 3294 707 3339 esse
722 3285 857 3351 naturae,
880 3285 919 3352 et,
940 3283 972 3339 ut
991 3277 1093 3337 bonus

116 3360 205 3424 miles
220 3365 297 3426 leret
310 3367 443 3440 volnera,
464 3363 651 3425 enumerabit
672 3363 829 3423 cicatrices
851 3369 880 3421 et
901 3359 1093 3422 transverbe-

116 3452 202 3509 ratus
216 3449 285 3510 telis
299 3448 433 3510 moriens
449 3447 560 3510 amabit
571 3463 650 3523 eum,
665 3463 722 3522 pro
742 3463 801 3522 quo
818 3445 915 3517 cadet,
930 3442 1096 3514 imperato
