2554 3888
200 231 263 294 200
400 233 434 291 L.
453 229 597 291 nunaut
621 230 796 290 SENECAE
818 229 920 292 DlAL.
930 231 968 290 X.

172 381 369 458 teupiscitis.
391 379 854 456 Audiesplerosquedicentes:
870 377 1171 454 „equinquagesinro

115 472 118 477 '
201 481 282 526 anno
294 467 325 526 in
338 466 431 526 otium
442 463 596 524 secedam.
618 463 831 538 sexagesimus
842 475 891 522 me
901 479 1001 523 annus
1012 463 1050 523 ab
1064 463 1171 523 officiis

203 551 359 609 dimittcl.“
395 557 425 609 et
445 564 535 624 quem
555 547 675 608 tandem
695 547 842 622 longioris
863 546 943 606 vitae
963 547 1110 622 praedem
1125 563 1171 607 ae-

202 633 301 708 cipisl
323 632 392 708 quis
407 634 466 692 ista
481 631 560 693 sicut
574 631 713 706 disponis
729 631 773 690 ire
788 629 940 706 parietum
961 647 1023 692 non
1038 630 1135 704 pudet
1145 637 1172 691 te
1249 682 1250 700 2

201 715 346 791 reliquias
365 715 444 776 vitae
465 714 518 776 tibi
538 731 698 774 reservare
718 722 748 774 et
770 714 803 773 id
825 714 923 775 solum
939 721 1060 789 tempus
1075 714 1172 774 bonae
1249 729 1250 734 ¹

202 800 293 860 menti
314 800 482 873 destinare,
514 799 597 873 quod
622 797 652 857 in
677 800 790 876 nullam
816 814 880 858 rem
902 797 1033 860 conferri
1055 797 1174 872 possin
1250 807 1251 844 1

203 900 294 959 quam
316 898 416 942 serum
439 890 486 942 est
506 889 578 943 tune
598 883 702 942 vivere
717 883 867 957 incipere,
889 897 958 942 cum
973 881 1172 941 desinendum
1251 909 1252 916 κ

202 969 271 1029 estt
292 982 372 1042 quae
386 973 445 1026 tam
463 965 555 1026 stulto
572 966 761 1026 mortalitatis
778 965 891 1026 oblivio
908 965 939 1025 in
956 964 1173 1041 quinquagesi-

202 1066 282 1111 mum
298 1057 328 1110 et
342 1047 568 1124 sexagesimum
582 1065 694 1109 annum
706 1049 829 1110 differre
839 1065 915 1109 sana
927 1049 1055 1109 consilia
1064 1055 1095 1108 et
1105 1046 1174 1107 inde

201 1133 281 1194 velle
296 1131 387 1192 vitam
403 1132 564 1206 inchoare,
587 1150 648 1208 quo
664 1133 754 1208 pauci
769 1133 1001 1208 perduxerunt?

175 1223 186 1274 l
263 1218 315 1276 lV.
343 1216 634 1278 Potentissimis
660 1215 752 1278 etin
776 1217 891 1278 altum
914 1209 1086 1276 sublatis
1110 1214 1173 1275 ho·
1254 1271 1255 1274 ,

202 1300 368 1361 minibus
390 1301 534 1361 excidere
549 1317 642 1360 voces
661 1299 795 1374 videbis
819 1300 929 1376 quibus
948 1299 1042 1361 otium
1060 1307 1173 1374 optent,

202 1385 341 1458 landent,
363 1385 503 1447 omnibus
520 1385 609 1446 bonis
625 1383 690 1445 suis
705 1385 887 1460 praeierant.
917 1385 1043 1459 eupiunt
1056 1382 1174 1444 interim

203 1484 241 1528 ex
262 1468 313 1528 illo
336 1468 457 1542 fastigio
479 1485 552 1543 suo,
573 1469 599 1528 si
618 1475 682 1528 tuto
697 1469 800 1540 liceat,
823 1469 1022 1528 descendere.
1058 1483 1128 1527 nam
1144 1475 1175 1526 ut

202 1552 275 1610 nihil
297 1558 383 1610 extra
403 1552 537 1612 lacessat
554 1557 606 1612 aut
627 1551 756 1627 quatiat,
779 1554 808 1611 in
830 1567 866 1611 se
887 1553 956 1626 ipsa
971 1553 1093 1611 fortuna
1106 1551 1173 1608 ruit.

174 1636 297 1700 rDinus
311 1636 479 1708 Augustus,
503 1633 552 1694 cui
564 1634 594 1694 di
605 1634 693 1709 plura
707 1651 797 1710 quam
810 1635 861 1696 ulli
875 1635 1097 1710 praestiterunt,
1113 1650 1173 1692 non
1258 1698 1259 1726 1

203 1718 294 1778 desiit
308 1718 438 1792 quietem
454 1718 512 1778 sibi
533 1719 651 1794 precari
667 1725 697 1778 et
709 1717 901 1778 vacationem
916 1733 934 1778 a
948 1717 1108 1793 republica
1122 1735 1174 1792 pe·
1258 1737 1259 1742 ¹

202 1808 274 1862 tere.
304 1802 401 1861 omnis
423 1801 489 1862 eius
504 1818 604 1862 sermo
620 1803 660 1862 ad
675 1801 735 1861 hoc
749 1817 872 1877 semper
885 1801 1044 1863 revolutus
1059 1807 1121 1874 est,
1143 1808 1176 1860 ut

203 1894 342 1960 speraret
362 1884 464 1947 otium.
500 1885 560 1946 hoc
580 1885 701 1946 labores
723 1902 813 1957 suos,
838 1884 954 1946 etiamsi
976 1885 1071 1958 laiso,
1094 1885 1176 1944 dulci

174 1977 301 2036 ttamen
318 1970 489 2031 oblectabat
503 1971 626 2044 solatio,
647 1970 812 2045 aliquando
828 1984 863 2030 se
879 1967 1028 2030 victurum
1041 1968 1110 2028 sibi.
1141 1969 1174 2027 ln

204 2055 337 2128 quadam
355 2054 394 2113 ad
417 2060 554 2114 senatum
577 2055 670 2113 missa
685 2053 829 2133 epistula,
852 2048 920 2113 cnm
934 2053 1072 2128 requiem
1087 2068 1176 2112 suam

202 2153 262 2196 non
280 2152 406 2195 vacuam
423 2138 488 2196 lore
504 2136 657 2212 dignitatis
670 2153 728 2197 nec
743 2138 874 2213 apriore
887 2137 984 2212 gloria
997 2136 1176 2212 discrepan-

201 2227 261 2278 tem
278 2219 430 2293 pollicitus
443 2227 540 2293 esset,
556 2220 632 2280 haec
643 2220 738 2282 verba
749 2221 865 2281 Inveni:
887 2221 949 2282 Sed
958 2223 1016 2282 iste
1023 2223 1095 2294 fieri
1103 2237 1177 2296 spe-

201 2305 307 2362 ciosius
331 2320 419 2378 prtem
439 2306 573 2378 promitti
587 2313 719 2379 possunt.
746 2323 792 2366 me
805 2312 902 2367 temen
915 2305 1024 2381 cupido
1038 2306 1179 2379 temporis

201 2389 375 2464 optatissimi
387 2389 618 2463 mihiprorexit,
633 2395 667 2450 ut
679 2391 817 2465 quoniam
831 2406 932 2450 rernm
945 2391 1058 2450 laetitia
1069 2403 1178 2448 mora-

201 2478 250 2530 tur
265 2471 378 2544 adbuc,
397 2475 582 2548 perciperem
593 2473 711 2548 aliquid
719 2467 874 2549 voluptatis
884 2490 924 2534 ex
934 2473 1088 2533 verborum
1101 2472 1178 2531 dul-

173 2557 313 2621 teedine.
341 2555 433 2616 Tanta
448 2555 516 2616 visa
531 2563 578 2616 est
591 2572 642 2616 res
658 2557 765 2630 otium,
788 2565 819 2616 ut
833 2555 930 2630 illam,
951 2555 1021 2631 quia
1035 2571 1096 2614 usu
1111 2569 1177 2614 non

201 2646 334 2714 poterat,
358 2640 540 2713 cogitatione
562 2647 781 2715 praesumeret.
810 2641 862 2716 qui
880 2640 982 2700 omnia
997 2636 1120 2698 videbat
1135 2653 1179 2698 ex

202 2738 236 2782 se
255 2739 316 2784 uno
339 2721 518 2797 pendentia,
542 2723 595 2799 qui
615 2721 789 2784 hominibus
803 2724 1007 2799 gentibusque
1022 2723 1177 2786 fortunam

202 2805 318 2878 dabat,
330 2807 412 2866 illum
428 2806 508 2866 diem
527 2805 712 2868 laetissimus
728 2807 893 2882 cogitabat,
917 2822 979 2883 quo
992 2805 1178 2880 magnitudi-

200 2903 269 2947 nem
286 2905 371 2948 suom
387 2896 521 2949 exueret.
550 2897 696 2966 expertus
712 2899 791 2966 erat,
806 2899 951 2966 quantum
965 2889 1109 2952 illabona
1119 2905 1181 2966 per

201 2973 300 3032 omnis
313 2980 410 3033 terras
426 2975 571 3048 fulgentia
585 2974 709 3035 sudoris
724 2973 944 3050 exprimerent,
963 2981 1107 3050 quantum
1120 2989 1174 3036 oe

171 3057 348 3117 ocultarum
369 3057 605 3118 sollicitudinum
626 3065 777 3132 tegerent=
805 3074 873 3121 cum
895 3057 1014 3120 civibus
1032 3057 1173 3134 primun,

200 3139 310 3217 deinde
333 3155 402 3200 cum
424 3141 565 3216 collegis,
592 3141 760 3203 novissime
781 3158 850 3203 curn
871 3142 1023 3204 adfinibus
1044 3147 1173 3204 coactus

200 3221 291 3290 armis
304 3222 468 3283 decernere
489 3226 564 3284 mari
578 3232 721 3301 terraque
736 3226 915 3301 sanguinem
929 3226 1018 3287 ludit:
1042 3241 1098 3301 per
1108 3222 1174 3284 ila·

200 3304 375 3377 cedoniam‚
403 3307 552 3380 Siciliam·
576 3311 769 3387 Aegyptum,
799 3309 920 3388 Syriam
944 3309 1113 3388 Asiamque
1139 3313 1174 3368 et

200 3385 298 3448 omnis
321 3402 417 3473 prope
438 3404 508 3448 oras
528 3389 609 3450 bello
626 3393 827 3454 circumactus
843 3394 982 3455 Romana
996 3393 1089 3456 caede
1106 3390 1172 3450 las·

199 3487 253 3531 sos
270 3469 421 3529 exereitus
437 3471 475 3528 ad
491 3481 617 3533 externa
630 3475 712 3536 bella
727 3477 885 3537 convertit.
910 3477 982 3537 dum
994 3477 1087 3556 Alpes
1100 3471 1170 3549 pla·
