2554 3888
101 208 980 300 nnnnnvmmnnraa'nunconsonandum-4.
994 227 1057 299 aaa
1133 297 1136 302 .

74 386 321 452 adventumeius
334 392 543 460 exspectares,
551 383 688 444 amisisti.
712 391 742 444 et
753 400 791 444 ne
804 385 1056 448 saevitiamsuam

81 471 205 545 lortuna
234 468 380 528 leviorem
405 468 579 528 diducendo
607 469 735 540 laeeret,
767 467 846 528 intra
869 469 1055 532 tricesimum

81 548 164 613 diem
186 552 375 612 carissimum
397 553 512 624 virum,
536 565 656 625 exque
678 558 773 610 mater
787 553 876 612 trium
890 551 1055 614 liberorum

82 653 169 709 eras,
185 635 327 696 extulisti.
356 636 484 709 Lugenti
498 635 552 695 tibi
567 635 665 694 luotus
682 633 835 694 nuntiatus
851 643 900 696 est
914 637 1085 702 omnibuso

7 755 8 778 ι
82 719 205 794 quidem
229 717 406 780 absentibus
427 718 545 788 liberiS,
570 717 659 793 quasi
674 718 712 776 de
728 717 877 778 industria
891 717 967 779 iu-id
981 728 1055 780 tem-

80 819 142 877 pus
159 802 304 863 oonieotis
319 801 406 862 malis
421 801 497 874 tuis,
512 808 545 874 ut
559 800 631 862 nihil
646 809 744 875 esset,
762 801 815 861 ubi
830 817 865 861 se
880 801 968 862 dolor
983 811 1054 864 tuus

7 887 8 898 ¹
80 886 251 946 reclinaret.
272 885 408 946 Transeo
424 892 469 946 lot
484 885 633 960 pericula,
647 891 691 945 tot
705 893 818 960 metus,
836 901 915 960 quos
931 886 997 946 sine
1010 887 1054 945 in·

7 1035 8 1050 ,
80 969 209 1029 tervallo
229 969 260 1028 in
281 976 311 1030 te
331 969 515 1031 incursantis
530 967 694 1043 pertulisti:
711 969 802 1028 modo
818 969 910 1029 modo
926 969 956 1028 in
972 984 1054 1029 eum·

7 1055 8 1072 ³
80 1053 152 1112 dem
168 1051 277 1128 sinum,
292 1068 332 1112 ex
350 1067 412 1128 quo
427 1059 490 1112 tres
506 1059 635 1126 nepotes
647 1051 803 1125 emiseras,
816 1068 890 1114 ossa
902 1052 991 1112 trium
1002 1068 1054 1112 ne-

81 1144 188 1210 potum
195 1134 349 1211 recepisti.
368 1137 450 1196 Intra
462 1135 639 1195 vicesimum
651 1135 739 1207 diem,
754 1134 945 1210 quemfilium
954 1150 1055 1195 meum

80 1221 112 1278 in
128 1219 268 1280 manibus
289 1229 319 1280 at
337 1219 368 1279 in
391 1220 505 1280 osculis
526 1217 586 1280 tuis
601 1225 753 1282 mortuum
768 1219 982 1292 luneraveras,
1007 1233 1055 1278 ra·
1100 1233 1104 1238 ·

81 1310 167 1378 ptum
182 1319 231 1370 me
246 1303 372 1363 audisti:
388 1303 450 1364 lroe
463 1303 564 1364 adhue
580 1303 719 1364 defuerat
733 1301 787 1362 libi
801 1303 905 1375 lugere
919 1303 1018 1362 vivos

143 1387 193 1445 lll.
219 1385 439 1448 Gravissimum
460 1393 508 1446 est
528 1403 567 1446 ex
585 1385 741 1458 omnibus,
769 1400 849 1459 quae
864 1400 1009 1460 umquam
1024 1385 1083 1453 in1

80 1485 197 1544 eorpus
211 1476 295 1530 tuum
311 1469 550 1543 descenderunt,
568 1485 678 1528 reeens
699 1470 826 1541 volnus,
852 1468 970 1537 fateor„
993 1484 1055 1528 non

80 1569 230 1612 summam
248 1561 348 1615 eutem
362 1553 457 1628 rupit,
473 1559 581 1627 peetus
596 1559 627 1612 el
641 1553 760 1612 viscera
774 1553 844 1628 ipsu
857 1551 969 1612 divisit.
992 1551 1055 1610 Sed

74 1637 339 1711 ‘quemadmodum
358 1637 473 1696 tirones
493 1636 601 1696 leviter
624 1635 720 1696 sauuii
733 1641 835 1696 tamen
852 1635 1055 1695 vociferantur

79 1727 110 1778 et
126 1735 236 1780 manus
252 1721 439 1781 medicorum
455 1721 552 1794 magis
569 1736 660 1794 quam
675 1721 788 1779 serrum
803 1719 943 1793 horrent,
958 1725 989 1782 al
1004 1733 1055 1778 ve-

79 1804 192 1875 terani,
215 1804 354 1878 quamvis
371 1803 524 1876 confossi,
546 1804 696 1878 patienter
709 1819 746 1863 ae
761 1803 829 1862 sine
843 1803 957 1876 gemitu
972 1803 1056 1861 velut

80 1887 180 1945 aliena
194 1901 325 1962 corpora
339 1885 492 1948 exsaniari
508 1887 677 1962 patiuntur:
697 1886 781 1948 itatu
792 1900 874 1947 nune
886 1885 982 1944 debes
994 1886 1054 1944 lor-

78 1971 147 2028 titer
163 1971 310 2044 praebere
324 1978 354 2030 te
369 1970 527 2030 curationi.
558 1969 789 2030 lamentationes
808 1968 932 2044 quidem
947 1975 977 2026 et
992 1967 1049 2026 eiu·
1066 1988 1084 2040 2

79 2055 158 2112 latus
183 2060 213 2112 et
234 2054 307 2128 alia,
333 2070 389 2128 per
407 2069 486 2129 quae
507 2055 571 2113 lere
592 2052 727 2113 mulieris
743 2053 833 2112 dolor
847 2051 1053 2122 tumultuatur,
1129 2059 1133 2067 '

78 2152 198 2202 amove.
221 2136 381 2212 perdidisti
395 2136 475 2196 enim
488 2143 533 2196 tot
545 2137 641 2210 mala,
663 2137 690 2196 si
704 2136 841 2198 nondum
856 2135 969 2196 misera
983 2149 1055 2194 esse

79 2219 222 2280 didicisti.
257 2221 377 2295 Ecquid
399 2221 507 2280 uideor
528 2236 589 2280 non
604 2219 708 2282 timide
721 2227 823 2282 tecum
837 2219 962 2294 egisset
981 2217 1055 2277 nihil
1119 2247 1120 2250 π

77 2302 131 2361 tibi
153 2304 286 2364 subduxi
306 2319 346 2363 ex
359 2303 537 2376 molismis,
561 2304 617 2364 sed
632 2303 733 2368 omnia
747 2310 928 2366 coacervate
943 2308 1012 2362 ante
1026 2307 1055 2360 te

79 2401 181 2460 posui.
992 2407 994 2411 ·

141 2469 192 2532 lV.
211 2469 327 2546 ‚Magno
342 2471 374 2530 id
390 2471 490 2532 animo
508 2470 575 2530 leci.
606 2469 750 2531 eonstitul
766 2470 844 2530 enirn
859 2469 983 2528 vincere
999 2468 1082 2530 d0-1
1105 2467 1107 2471 ’

78 2554 173 2612 lorem
185 2560 348 2627 tuumnon
359 2554 619 2615 circumscribere.
641 2553 791 2614 vineam
806 2559 938 2624 autem,
952 2558 1053 2624 puto,

79 2638 239 2710 primum
264 2638 296 2698 si
321 2638 535 2700 ostendero
561 2636 659 2699 nihil
684 2651 739 2697 me
765 2637 860 2711 pati,
893 2639 1055 2710 propter

7 2799 9 2802 Ι
80 2720 184 2793 quod
205 2721 291 2796 ipse
313 2722 389 2782 diei
410 2723 558 2796 possim
580 2721 711 2792 miser,
738 2720 1055 2792 nedumpropter

80 2801 1054 2880 quodmiserosetiamquosuontingolaciamzde-

79 2886 169 2946 inde
195 2887 229 2946 si
254 2889 300 2948 ad
324 2895 360 2949 te
385 2890 582 2949 transiero
604 2895 641 2950 et
660 2888 1055 2962 probaveronetuam

80 2969 235 3044 quidem
259 2987 414 3046 gravem
440 2987 531 3033 esse
554 2974 764 3047 fortunam,
790 2985 887 3046 quae
907 2973 989 3028 tota
1009 2981 1056 3025 ex

7 3075 9 3124 i
79 3069 161 3113 mea
176 3055 329 3129 pendet.

142 3137 218 3196 Hoc
233 3137 344 3214 prius
360 3139 582 3214 adgrediar,
605 3139 689 3216 quod
703 3139 801 3214 pietas
817 3145 869 3198 tua
883 3135 988 3196 audire
1003 3150 1087 3210 geo

80 3220 146 3294 stit,
161 3221 258 3280 nihil
273 3225 365 3284 mihi
379 3224 466 3284 mali
482 3239 586 3284 osse:
603 3223 629 3284 si
644 3230 790 3298 potuero,
805 3221 891 3296 ipsas
905 3234 972 3292 res,
989 3217 1054 3294 qui·

79 3303 137 3365 bus
145 3319 195 3366 me
206 3312 296 3380 putes
311 3307 417 3382 premi,
433 3323 495 3368 non
510 3322 581 3367 esse
591 3305 798 3368 intolerabiles
810 3303 918 3364 laeiam
930 3303 1055 3363 manile·

79 3394 170 3448 stum.
203 3389 251 3448 sin
271 3391 304 3450 id
322 3391 405 3452 oredi
427 3407 489 3452 non
503 3391 651 3466 potuerit:
672 3397 702 3450 at
716 3404 774 3464 ego
789 3387 862 3448 milri
875 3387 944 3463 ipse
958 3384 1056 3460 magis

78 3472 228 3548 placebo,
255 3475 339 3550 quod
361 3475 513 3535 intereas
534 3490 586 3535 res
605 3473 714 3534 beatus
735 3488 803 3549 ero,
831 3487 910 3548 quae
924 3469 1055 3530 miseros
