2554 3888
202 229 255 288 an
270 225 531 288 conrnrunnn
548 225 848 290 consonanonn.
865 239 891 290 1.
906 239 933 291 a
949 231 1017 310 [a]
1039 229 1102 294 ato

125 387 187 440 est
211 377 386 453 cogitare
411 379 449 438 id
477 376 555 438 sibi
579 378 796 454 accidisse,
823 381 923 456 quod
950 389 1037 442 ante
1063 399 1104 444 se

129 463 242 538 passi
267 469 356 523 sunt
381 466 510 522 omnes
537 478 750 538 omnesque
776 467 942 538 passuri.
978 474 1010 526 et
1032 467 1103 527 ideo

124 545 202 606 milri
226 545 347 606 videtur
367 561 466 606 rerum
488 553 610 619 natura,
639 548 723 622 quod
744 548 960 622 gravissimum
973 551 1102 621 fecerat,

124 645 290 691 commune
302 629 423 700 fecisse,
439 636 473 689 ut
484 629 691 690 crudelitatem
704 632 755 713 fati
768 634 979 692 consolaretur
990 648 1104 708 aequa·

126 713 208 774 litas.
911 724 914 728 ’

8 799 9 832 ³
56 792 59 797 ’
190 798 223 858 ll.
245 795 347 855 illud
369 812 523 872 quoque
543 797 1130 874 tenonminimumadiuverit,1

115 880 161 942 si
177 879 418 954 cogitaveris
435 880 530 940 nihil
546 883 795 956 profuturum
811 884 985 943 dolorem
1001 889 1102 943 tuum

128 962 275 1023 necilli
291 961 459 1038 quidem,
476 980 585 1040 quern
601 965 997 1039 desideramnectibi:
1015 967 1102 1026 noles

123 1048 209 1107 enim
231 1047 356 1121 longum
376 1063 461 1122 esse,
485 1049 569 1123 quod
584 1049 705 1109 inritum
720 1057 776 1109 est.
806 1050 880 1110 Nam
896 1049 923 1110 si
939 1051 1103 1126 quicquam

124 1130 248 1190 tristitia
265 1131 434 1204 profecturi
454 1148 576 1204 sumus,
598 1149 660 1192 non
673 1148 785 1194 recuso
801 1134 948 1209 quicquid
963 1134 1102 1194 lacrima-

126 1229 195 1274 rum
215 1215 355 1274 fortunae
379 1231 466 1276 meae
493 1215 657 1290 superfuit,
683 1223 755 1277 tuae
770 1217 907 1278 fundere.
946 1218 1099 1277 inveniam

122 1299 300 1358 etiamnunc
333 1313 387 1374 per
410 1298 469 1360 hos
494 1300 661 1360 exhaustos
688 1299 748 1358 iam
774 1300 896 1364 fletibus
924 1301 1100 1361 domesticis

123 1383 236 1442 oculos
253 1381 341 1456 quod
361 1379 479 1456 effluat,
505 1385 533 1444 si
553 1383 645 1444 modo
668 1381 701 1442 id
718 1383 773 1446 tibi
794 1385 926 1446 futurum
945 1383 1027 1444 bono
1044 1392 1099 1444 est.

127 1464 205 1538 Quid
228 1471 357 1524 cessas?
382 1481 621 1546 conqueramur,
642 1475 734 1544 atque
749 1469 827 1529 adeo
843 1469 911 1542 ipse
925 1466 1004 1526 hanc
1019 1469 1129 1544 litemp

125 1564 226 1608 meam
241 1548 364 1608 faciam:
381 1547 603 1624 „Iniquissima
617 1551 752 1612 omnium
767 1552 880 1612 iudicio
897 1551 1031 1624 fortuna,
1046 1552 1100 1610 ad·

123 1630 186 1692 lruc
200 1629 355 1706 videbaris
370 1649 440 1692 eum
454 1633 607 1694 hominem
622 1635 825 1710 continuisse,
842 1637 894 1708 qui
907 1649 1033 1695 munere
1046 1643 1099 1695 tuo

124 1722 240 1776 tantam
255 1717 481 1777 venerationem
496 1725 671 1792 receperat,
686 1725 733 1791 ut,
751 1719 834 1794 quod
849 1735 919 1778 raro
935 1719 988 1790 ulli
1003 1719 1099 1778 conti·

126 1800 184 1874 git,
210 1799 339 1860 felicitas
361 1800 427 1860 eius
442 1799 591 1876 effugeret
604 1801 764 1862 invidiam:
789 1818 863 1862 ecce
878 1818 947 1862 eum
962 1802 1100 1862 dolorem

123 1883 183 1955 illi,
207 1898 297 1957 quem
314 1884 401 1944 salvo
417 1885 548 1946 Caesare
563 1886 705 1960 accipere
718 1886 882 1946 maximum
898 1891 1033 1958 poterat,
1055 1885 1099 1943 in·

122 1965 283 2041 pressisti,
307 1973 337 2026 et
359 1983 427 2028 cum
447 1969 526 2028 bene
548 1969 631 2028 illum
652 1967 788 2043 undique
809 1967 989 2041 circuisses,
1013 1966 1098 2028 intel-

122 2049 227 2109 lexisti
247 2049 306 2110 hac
328 2060 413 2125 parte
433 2053 640 2114 tantummodo
662 2059 769 2127 patere
787 2053 896 2112 ictibus
918 2051 989 2112 tuis.
1022 2050 1129 2126 Quida

124 2133 206 2192 eninr
221 2131 263 2192 illi
279 2135 363 2194 aliud
376 2137 518 2217 facerest
536 2135 698 2211 pecuniam
710 2137 869 2211 eriperes?
882 2151 1047 2209 numquam
1059 2134 1101 2196 illi

123 2217 278 2277 obnoxius
294 2219 358 2278 fuit.
382 2235 463 2278 nunc
479 2235 618 2294 quoque,
636 2227 783 2294 quantum
798 2227 913 2294 potest,
934 2219 1015 2278 illam
1031 2235 1049 2278 a
1064 2233 1100 2277 se

120 2299 235 2360 abiecit
254 2307 284 2360 et
303 2300 333 2361 in
355 2309 440 2362 tanta
459 2303 603 2363 facilitate
622 2303 802 2378 adquirendi
823 2305 938 2363 nullum
953 2303 1099 2363 maiorem

120 2399 163 2442 ex
180 2400 217 2443 ea
234 2385 362 2446 fructum
379 2403 470 2462 quam
486 2393 691 2461 contemptum
706 2387 773 2446 eius
788 2389 871 2460 petit.
899 2386 1042 2460 Eriperes
1058 2385 1132 2456 illi4

123 2466 263 2528 amicos?
284 2469 405 2530 sciebas
427 2477 487 2530 tam
509 2470 669 2530 amabilem
684 2485 771 2543 esse,
797 2477 831 2528 ut
845 2469 933 2528 facite
948 2469 977 2527 in
997 2470 1098 2528 locum

121 2551 307 2612 amissorum
322 2560 430 2626 posset
445 2555 522 2614 alios
538 2553 732 2614 substituere.
760 2569 851 2612 unum
868 2553 949 2612 enim
962 2551 1043 2610 hunc
1058 2567 1098 2610 ex

121 2633 185 2707 his,
205 2652 292 2710 quos
314 2637 343 2694 in
364 2635 525 2712 principali
546 2639 637 2698 domo
653 2637 794 2711 potentes
808 2637 886 2709 vidi,
913 2635 1098 2708 cognovisse

121 2717 244 2792 videor,
271 2735 360 2794 quern
385 2721 525 2782 omnibus
549 2721 679 2781 amicum
703 2719 818 2780 habere
841 2735 910 2779 cum
938 2719 1096 2793 expediat,

8 2867 9 2880 χ
121 2803 220 2876 inagis
235 2809 337 2862 tamen
352 2805 441 2864 etiam
456 2805 537 2866 libet.
559 2805 702 2880 Eriperes
717 2804 759 2862 1111
773 2804 884 2864 bonam
901 2802 1129 2877 opinionemls

119 2885 250 2946 solidior
270 2894 318 2946 est
337 2887 414 2946 haec
434 2889 517 2963 apud
538 2904 623 2961 eum,
649 2904 739 2963 quam
763 2895 797 2948 ut
811 2904 829 2948 a
844 2895 874 2947 te
889 2901 1013 2961 quoque
1028 2887 1098 2959 ipsa

120 2969 244 3030 concuti
255 2969 365 3044 possit.
386 2971 652 3046 Eriperesbonam
665 2971 883 3031 valitudinem?
898 2969 1020 3028 sciebas
1032 2969 1095 3028 ani-

120 3068 202 3112 nmm
224 3052 291 3113 eius
317 3054 492 3115 liberalibus
515 3055 698 3130 disciplima,
724 3055 835 3130 quibus
856 3069 917 3112 non
933 3051 1094 3112 innutritus

118 3143 251 3211 tantum,
278 3139 334 3197 sed
354 3138 476 3199 innatus
498 3145 560 3213 est,
586 3139 630 3198 sio
652 3155 723 3197 esse
744 3139 922 3211 fundatum,
944 3141 978 3194 ut
999 3152 1094 3211 supra

118 3215 225 3280 omnis
251 3222 393 3296 corporis
418 3223 541 3283 dolores
567 3223 721 3282 emineret.
758 3221 903 3296 Eriperes
935 3220 1096 3294 spiritumc

119 3305 298 3378 quantulum
313 3305 495 3366 nocuisses?
509 3305 720 3380 longissimum
734 3304 776 3365 illi
791 3305 911 3380 ingenio
929 3319 1037 3364 aevum
1051 3305 1093 3362 fa·

117 3403 168 3446 ma
182 3388 331 3462 promisit.
352 3389 384 3448 id
399 3391 460 3465 egit
475 3391 557 3466 ipse,
572 3397 604 3450 ut
618 3389 741 3452 meliore
758 3388 807 3450 sui
821 3395 908 3465 parte
928 3388 1051 3448 duraret
1065 3393 1096 3444 et

118 3471 290 3548 conpositis
313 3473 506 3548 eloquentiae
527 3472 693 3549 praeclaris
715 3474 859 3548 operibus
875 3489 893 3532 a
908 3469 1091 3532 mortalitate
