2554 3888
281 255 333 316 uu
347 224 568 318 nunvrrnnn
585 259 712 320 vuar.
731 269 849 326 n-rs.
978 265 1040 328 aaa

14 449 15 452 =
70 429 156 474 nemo
172 411 309 488 deicitur,
326 413 538 475 sublevabunt.
560 415 636 476 haec
650 433 712 476 una
725 418 801 478 ratio
816 425 862 478 est
873 421 1039 480 extenden-

69 501 125 560 dae
138 496 344 574 mortalitatis,
359 499 450 560 immo
467 499 499 558 in
513 500 755 561 inmortalitatem
772 504 945 564 vertendae.
977 505 1040 566 Ho-

67 599 174 658 nores,
194 589 404 656 monumenta,
432 581 587 658 quicquid
598 591 650 644 aut
665 585 796 646 decretis
814 587 936 649 ambitio
951 587 1042 650 iussit

68 676 118 729 aut
132 667 278 744 operibus
294 668 454 742 exstruxit,
469 669 527 728 cito
539 668 702 729 subruitur.
724 670 798 730 nihil
809 686 870 730 nim
883 673 975 746 longa
987 673 1039 732 de-

67 753 186 814 molitur
210 757 399 812 vetustas-et
418 759 535 812 movet:
560 759 591 812 at
611 751 664 828 iis,
690 767 774 828 quac
784 757 977 816 consecravit
990 773 1039 816 sa·
1121 749 1124 756 ’

66 836 194 913 pientia,
211 835 314 902 noceri
329 851 391 896 non
405 842 517 912 potest.
537 836 620 896 nulla
634 837 768 898 abolebit
781 845 881 912 aetas,
897 841 980 900 nulla
994 839 1039 900 dl·

14 967 15 972 :
66 922 193 982 minuet:
219 935 354 996 sequens
380 936 417 980 ac
442 920 553 980 deinde
580 935 703 996 semper
722 923 848 984 ulterior
868 923 985 998 aliquid
1000 924 1040 982 ad

14 999 16 1028 ²
65 1005 294 1066 uenerationem
309 1005 435 1080 confert,
450 1005 595 1080 quoniam
611 1005 733 1080 quidem
748 1006 778 1066 in
790 1007 890 1068 vicino
902 1014 1042 1068 versatur

65 1089 196 1164 invidia,
213 1089 382 1164 simplicius
397 1091 488 1164 longe
502 1089 605 1165 posita
619 1090 773 1154 miramur.
797 1091 951 1166 Sapientis
966 1095 1067 1166 ergon

66 1176 192 1234 multum
214 1180 298 1248 patet
316 1174 387 1234 vita.
420 1189 481 1234 non
497 1175 578 1234 idem
591 1173 675 1234 illum
691 1173 744 1249 qui
759 1180 879 1236 ceteros
893 1175 1045 1235 terminus*

67 1256 170 1318 cludit.
204 1260 290 1318 solus
305 1259 427 1334 generis
441 1257 565 1318 humani
578 1258 698 1332 legibus
713 1259 850 1320 solvitur.
884 1259 985 1319 omnia
999 1259 1040 1318 illi

68 1345 173 1402 secula
188 1350 221 1402 ut
237 1343 297 1403 deo
315 1343 460 1403 serviunt.
480 1342 598 1402 translit
612 1349 733 1416 ternpus
751 1341 895 1417 aliquod:
920 1344 980 1402 hoc
993 1359 1039 1400 re·
1076 1337 1083 1346 '

69 1425 249 1487 cordatione
274 1427 504 1501 conprehendit.
535 1427 644 1486 instat:
671 1427 730 1487 hoc
750 1427 850 1486 utitur.
882 1433 1041 1486 venturum

68 1519 129 1570 est:
153 1511 213 1570 hoo
230 1511 388 1586 praecipit.
418 1511 555 1585 Longam
568 1507 611 1568 illi
625 1511 717 1572 vitam
732 1511 804 1570 lacit
819 1511 952 1571 omnium
966 1517 1041 1570 tem·

68 1611 179 1669 porum
194 1595 225 1655 in
240 1611 333 1654 unum
349 1595 489 1655 conlatio.

126 1676 208 1738 XVI.
228 1679 363 1739 illorum
390 1677 571 1738 brevissima
591 1695 628 1740 ac
649 1677 866 1740 sollicitissima
887 1687 970 1739 aetas
985 1683 1071 1751 est]

68 1763 120 1838 qui
136 1761 369 1836 praeteritorum
384 1763 614 1838 obliviscuntur,
628 1763 803 1839 praesentia
817 1765 990 1837 neglegunt,
1003 1757 1041 1821 d'e

66 1846 169 1906 lutura
187 1846 305 1906 timent:
322 1861 390 1905 cum
405 1847 445 1906 ad
460 1853 596 1906 extrema
611 1854 766 1918 venerunt,
784 1861 853 1905 sero
865 1846 1042 1919 intellegunt

67 1929 186 2002 miseri,
211 1930 326 1989 tamdiu
349 1945 399 2002 sc,
425 1931 497 1990 dum
522 1929 596 1989 nihil
617 1936 727 2004 agunt,
752 1936 919 2004 occupatos
935 1929 1040 1988 luisse.
1157 1998 1159 2002 ¹

66 2014 129 2072 Nec
146 2020 209 2086 est,
225 2015 308 2086 quod
324 2013 382 2072 hoc
397 2019 576 2088 argumento
591 2013 716 2088 probari
731 2020 820 2088 putes
835 2015 957 2088 longam
971 2010 1071 2072 illusa

67 2112 160 2171 agere
175 2097 275 2170 vitam,
292 2097 363 2171 quia
378 2097 528 2156 interdum
543 2095 670 2158 mortem
687 2097 846 2158 invocant:
866 2103 957 2156 vexat
971 2095 1040 2156 illos

67 2179 262 2256 inprudentia
286 2179 409 2240 incertis
435 2179 606 2246 adfectibus
630 2189 661 2242 et
676 2181 900 2242 incurrentibus
915 2181 945 2240 in
963 2179 1040 2254 ipsa,

67 2281 149 2339 quac
170 2270 314 2324 metuunt.
347 2267 476 2324 mortem
496 2280 592 2340 saepe
610 2264 680 2335 idco
696 2273 816 2342 optant,
844 2263 916 2340 quia
929 2261 1042 2325 timent.

65 2349 143 2408 lllud
167 2363 292 2423 quoque
306 2355 517 2422 argumentum
534 2366 595 2408 uon
613 2355 675 2423 cst,
702 2351 787 2425 quod
805 2357 908 2423 pules,
934 2349 986 2407 diu
1000 2347 1074 2409 :ri-3

66 2433 217 2505 vantium,
233 2431 318 2506 quod
333 2447 428 2506 saepe
443 2433 501 2491 illis
513 2434 623 2508 longus
635 2434 754 2494 videtur
765 2433 847 2503 dies
863 2432 957 2506 quod,
972 2431 1044 2490 dunt
1074 2447 1077 2450 ·

66 2517 172 2574 veniat
187 2517 360 2576 condictum
376 2523 496 2590 tempus
513 2533 637 2591 coenae,
652 2519 739 2577 tarde
750 2518 794 2576 irc
806 2517 898 2576 horas
911 2529 1043 2589 querun-

66 2609 129 2659 tur:
158 2612 229 2658 nam
255 2601 281 2659 si
303 2601 427 2678 quando
448 2601 517 2660 illos
532 2602 734 2661 deseruerunt
750 2599 985 2674 occupationes,
1012 2596 1042 2655 in

66 2681 129 2743 otio
152 2683 424 2758 relicliaestuant‚
450 2700 506 2743 nec
527 2685 682 2759 quomodo
697 2685 728 2743 ld
744 2683 909 2758 disponant
923 2689 975 2740 aut
990 2695 1043 2739 cx-

63 2766 204 2839 trabant,
220 2767 329 2827 solunt.
351 2768 454 2842 ltaque
468 2768 507 2826 ad
526 2765 757 2842 occupationem
772 2767 903 2842 aliquam
915 2765 1043 2825 tendunt

65 2859 96 2911 et
113 2850 202 2925 quod
215 2849 372 2912 interiacet
385 2867 475 2911 omne
491 2857 612 2928 tempus
628 2867 721 2926 grave
736 2858 791 2925 est,
809 2858 870 2910 tam
885 2849 1042 2909 mehercu-

63 2936 128 3007 lcS‚
152 2949 245 3008 quam
261 2950 330 2994 curn
345 2936 411 2994 dies
427 2934 561 2995 muneris
578 2923 750 3010 gladiatorii
761 2933 884 2994 'edictus
902 2941 964 3016 cst,
992 2939 1043 2992 aut

65 3035 137 3078 cum
160 3015 289 3091 alicuius
304 3020 428 3080 alterius
444 3021 492 3080 vcl
507 3019 675 3094 spectaculi
689 3021 739 3078 vel
753 3019 917 3094 voluptatis
932 3032 1043 3090 exspe-

67 3108 169 3162 ctatur
183 3103 394 3174 constitutum,
410 3103 562 3166 transilire
576 3103 695 3164 medios
711 3103 777 3162 dies
791 3105 908 3162 volunt.
940 3096 1071 3160 Omnis4

64 3185 127 3246 illis
150 3193 294 3259 speratae
307 3184 352 3245 rei
367 3186 458 3261 longa
473 3188 575 3248 dilatio
592 3195 640 3248 est
654 3187 693 3246 ad
708 3185 782 3246 illud
797 3193 932 3260 tempus,
959 3185 1043 3260 quod

66 3269 182 3328 amanti
196 3270 290 3329 breve
305 3276 397 3330 estet
411 3287 562 3346 praeceps
578 3271 765 3345 breviusque
777 3271 870 3331 multo
887 3286 944 3329 suo
961 3269 1043 3328 vilic.

65 3353 195 3413 aliunde
215 3355 293 3413 enim
314 3355 375 3415 alio
389 3356 593 3428 transfugiunt
608 3362 638 3414 et
652 3356 822 3416 consistere
836 3356 864 3414 in
884 3371 943 3414 una
959 3353 1043 3426 cupl-
1090 3380 1092 3386 ·

65 3437 164 3498 ditate
179 3455 241 3498 non
257 3445 398 3513 possunt.
431 3455 493 3498 non
508 3446 579 3498 sunt
591 3437 648 3499 illis
661 3439 744 3516 longi
759 3437 841 3516 dies,
864 3439 920 3500 sed
937 3436 1043 3496 invisi⁸

64 3528 97 3580 at
125 3529 234 3582 contra
261 3537 352 3597 quam
373 3523 503 3598 exiguae
526 3531 632 3584 noctes
652 3524 807 3599 videntur,
834 3522 955 3598 quasin
971 3533 1044 3578 con--
