2522 3906
368 565 403 647 l.
426 560 567 646 llllul
586 559 758 644 onmem

28 663 29 670 Ν
91 643 119 652 ’γ
232 709 609 810 nlntouoruu
648 709 820 803 lirun
856 709 919 802 t

27 1139 29 1174 l

28 1177 29 1204 t

27 1243 29 1268 l

27 1279 29 1302 Ι

429 885 480 934 nu
502 883 694 947 nuernrun

86 1009 199 1086 uulua
212 1007 357 1094 nulultn
371 1002 601 1069 incomitum
617 1002 729 1066 BONIS
742 1001 844 1064 vtuls
858 1001 1053 1066 nccmnltr

342 1103 422 1166 cult
439 1101 696 1164 ruovlunrtrm
716 1101 785 1164 Sir.

538 1237 590 1274 SIVE

414 1335 458 1402 ltl
474 1333 715 1402 rtotmrlllll.

489 1485 627 1494 ..ι-...ι-

154 1596 176 1654 l.
219 1557 383 1662 Quaesisti
398 1611 490 1670 ame,
515 1594 625 1668 Lucili,
649 1593 723 1670 quid
737 1591 793 1666 ita,
815 1592 842 1652 si
862 1588 1084 1666 providentia]

87 1679 202 1738 mundus
225 1683 384 1752 ageretur,
405 1680 499 1739 multa
517 1679 608 1738 bonis
626 1671 799 1737 viris'mala
816 1676 966 1735 accidere.
993 1675 1055 1740 hoe

27 1833 28 1836 Ἴ
87 1762 262 1822 commodius
283 1759 315 1820 in
331 1767 474 1822 contextu
489 1763 592 1837 operis
607 1761 800 1832 redderetur,
822 1775 891 1820 cum
907 1774 1055 1834 praeesse

27 1975 30 2164 l

86 1845 221 1904 universis
248 1842 475 1920 providentiam
497 1846 698 1921 probaremus
725 1851 755 1904 et
784 1844 934 1903 interesse
962 1843 1053 1903 nobis

27 1939 29 1964 t
87 1929 171 1987 deum.
183 1929 241 1988 sed
253 1929 494 2002 quoniamatutu
505 1928 682 2004 particulam
694 1927 799 1986 revelli
810 1927 911 2001 placet
922 1932 951 1985 et
961 1943 1052 1986 unam

87 2013 343 2072 conuadietionem
358 2019 499 2073 manente
512 2014 563 2072 lite
577 2013 695 2086 integra
708 2011 846 2082 solvere,
865 2009 974 2069 faciam
988 2025 1052 2068 rem

86 2110 136 2153 non
146 2095 309 2166 difficilem,
326 2109 450 2155 causam
462 2097 589 2155 deorum
602 2111 698 2169 agam.
720 2093 950 2168 Supervacuum
962 2095 1050 2153 estin
1065 2101 1082 2152 2

86 2181 249 2250 praesentia
261 2180 423 2239 ostendere
434 2195 495 2238 non
508 2180 575 2238 sine
587 2179 688 2254 aliquo
702 2179 830 2238 custode
844 2185 960 2238 tantum
973 2195 1053 2252 opus

86 2267 155 2320 stare
167 2278 224 2322 nec
240 2261 321 2320 hune
337 2263 470 2322 siderum
486 2269 604 2322 coelum
621 2262 858 2336 discursumque
879 2261 991 2321 fortuiti
1008 2261 1053 2322 in-

85 2351 163 2418 petus
177 2360 251 2406 esse
267 2353 299 2404 et
309 2361 388 2418 quae
403 2362 495 2406 casus
509 2346 612 2406 incitat
626 2361 721 2420 saepe
735 2344 848 2404 turbari
860 2352 890 2404 et
904 2345 963 2404 cito
976 2344 1053 2404 arie-

87 2435 154 2502 tare,
173 2429 252 2488 hane
267 2427 450 2489 inoffensam
465 2429 654 2488 velocitatem
671 2429 840 2504 procedere
854 2435 996 2488 aeternae
1011 2429 1053 2486 le-

86 2511 124 2583 gis
136 2512 260 2586 imperio
272 2518 386 2571 tantum
396 2528 497 2572 rerum
509 2520 588 2572 terra
598 2514 734 2586 marique
745 2519 923 2587 gestantem,
938 2518 1055 2572 tantum

27 2625 29 2686 ὲ
88 2594 311 2656 clarissimorum
326 2594 471 2656 luminum
487 2603 570 2656 etex
590 2597 739 2671 disposito
755 2595 969 2668 relucentium,
992 2611 1053 2654 non
1163 2589 1172 2608 ⁹

87 2691 147 2735 esse
155 2679 300 2740 materiae
309 2679 438 2738 errantis
448 2679 529 2739 hune
541 2679 678 2738 ordinem
688 2694 746 2737 nec
758 2693 837 2752 quae
847 2683 961 2738 temere
973 2678 1053 2738 coic-

27 2783 29 2862 ᾗ
54 2845 58 2856 Δ
86 2767 157 2833 runt,
170 2768 253 2821 tanta
264 2769 329 2821 arte
341 2763 488 2836 pendere,
504 2769 537 2822 ut
548 2770 694 2823 terrarum
705 2760 919 2836 gravissimum
930 2762 1053 2836 pondus

27 2879 29 2894 .
87 2844 332 2906 sedeatinmotum
341 2845 460 2906 etcirca
471 2863 506 2905 se
518 2845 711 2922 properantis
724 2845 801 2906 coeli
811 2846 913 2920 lugam
923 2853 1051 2920 spectet,

27 2903 29 2998 1
87 2932 112 2984 ιιι
127 2926 225 2988 inlusa
239 2929 368 2990 vallibus
390 2930 484 2988 maria
500 2929 636 2990 molliunt
654 2925 751 2990 terras
768 2945 826 2989 nec
844 2930 938 2990 ullum
955 2929 1051 2990 incre·

27 3009 29 3056 t
85 3019 206 3072 mentum
226 3012 383 3072 fluminum
401 3012 545 3084 sentiant,
568 3019 601 3072 ut
615 3028 655 3072 ex
669 3011 800 3072 minimis
815 3013 982 3073 seminibus
998 3029 1051 3072 na·

27 3131 28 3142 ,
86 3102 198 3155 scantur
211 3096 353 3170 ingentia.
376 3111 414 3155 ne
428 3096 479 3154 illa
494 3095 614 3169 quidem
631 3112 710 3170 quae
723 3095 866 3156 videnlur
879 3097 1009 3156 confusa
1024 3102 1083 3157 eta

84 3176 201 3252 ineerta,
228 3178 349 3253 pluvias
365 3179 434 3238 dico
450 3180 610 3254 nubesque
625 3187 655 3240 et
672 3180 815 3240 elisorum
835 3171 993 3240 fulminum
1006 3179 1050 3240 ia·

85 3266 142 3320 ctus
158 3268 188 3322 et
198 3262 340 3324 incendia
352 3263 450 3336 ruptis
465 3263 610 3324 montium
627 3261 789 3324 verticibus
805 3261 919 3339 effusa,
938 3272 1049 3324 tremo-

85 3357 126 3403 res
139 3344 267 3406 labantis
283 3346 340 3406 soli
355 3353 392 3423 et
401 3345 460 3405 alia
473 3362 552 3422 quae
566 3348 752 3407 tumultuosa
764 3363 837 3422 pars
851 3363 953 3406 rerum
969 3348 1050 3406 circa

86 3433 169 3488 lenas
184 3438 299 3503 movet,
315 3428 381 3489 sine
396 3429 527 3504 ratione,
544 3429 682 3504 quamvis
697 3429 797 3490 subita
808 3432 881 3504 sint,
899 3429 1048 3496 accidunt,

85 3511 133 3571 sed
146 3529 217 3574 suas
233 3519 264 3572 et
273 3515 325 3574 illa
338 3529 448 3600 causas
462 3513 576 3574 habant
589 3529 650 3574 non
664 3513 763 3573 minus
780 3526 963 3632 quamtquae
977 3507 1047 3564 alie-
