<?xml version="1.0" encoding="UTF-8"?>
<!DOCTYPE html PUBLIC "-//W3C//DTD XHTML 1.0 Transitional//EN"
    "http://www.w3.org/TR/xhtml1/DTD/xhtml1-transitional.dtd">
<html xmlns="http://www.w3.org/1999/xhtml" xml:lang="en" lang="en">
 <head>
  <title>
</title>
<meta http-equiv="Content-Type" content="text/html;charset=utf-8" />
  <meta name='ocr-system' content='tesseract 3.04.00' />
  <meta name='ocr-capabilities' content='ocr_page ocr_carea ocr_par ocr_line ocrx_word'/>
</head>
<body>
  <div class='ocr_page' id='page_1' title='image "./operaquaesupers00senegoog_0084.png"; bbox 0 0 2522 3906; ppageno 0'>
   <div class='ocr_carea' id='block_1_1' title="bbox 247 251 1066 330">
    <p class='ocr_par' dir='ltr' id='par_1_1' title="bbox 247 251 1066 330">
     <span class='ocr_line' id='line_1_1' title="bbox 247 251 1066 330; baseline 0.018 -18"><span class='ocrx_word' id='word_1_1' title='bbox 247 251 349 313; x_wconf 88' lang='lat' dir='ltr'><strong>DIAL.</strong></span> <span class='ocrx_word' id='word_1_2' title='bbox 371 253 422 312; x_wconf 87' lang='lat' dir='ltr'><strong>lv.</strong></span> <span class='ocrx_word' id='word_1_3' title='bbox 451 253 502 314; x_wconf 82' lang='lat' dir='ltr'><strong>DE</strong></span> <span class='ocrx_word' id='word_1_4' title='bbox 524 255 594 315; x_wconf 82' lang='lat' dir='ltr'><strong>IRA</strong></span> <span class='ocrx_word' id='word_1_5' title='bbox 614 255 687 316; x_wconf 90' lang='lat' dir='ltr'><strong>LIB.</strong></span> <span class='ocrx_word' id='word_1_6' title='bbox 711 258 747 315; x_wconf 93' lang='lat' dir='ltr'><strong>ll.</strong></span> <span class='ocrx_word' id='word_1_7' title='bbox 772 267 907 322; x_wconf 73' lang='lat'>25—28.</span> <span class='ocrx_word' id='word_1_8' title='bbox 1027 259 1066 330; x_wconf 74' lang='grc'><strong>71</strong></span> 
     </span>
    </p>
   </div>
   <div class='ocr_carea' id='block_1_2' title="bbox 14 400 1097 3566">
    <p class='ocr_par' dir='ltr' id='par_1_2' title="bbox 14 400 1097 3566">
     <span class='ocr_line' id='line_1_2' title="bbox 87 400 1068 486; baseline 0.011 -26"><span class='ocrx_word' id='word_1_9' title='bbox 87 400 143 463; x_wconf 89' lang='lat' dir='ltr'><strong>illis</strong></span> <span class='ocrx_word' id='word_1_10' title='bbox 167 403 249 472; x_wconf 87' lang='lat' dir='ltr'><strong>mitis</strong></span> <span class='ocrx_word' id='word_1_11' title='bbox 277 409 307 462; x_wconf 90' lang='lat' dir='ltr'><strong>et</strong></span> <span class='ocrx_word' id='word_1_12' title='bbox 335 403 457 479; x_wconf 89' lang='lat' dir='ltr'><strong>placida</strong></span> <span class='ocrx_word' id='word_1_13' title='bbox 484 412 546 477; x_wconf 89' lang='lat' dir='ltr'><strong>est,</strong></span> <span class='ocrx_word' id='word_1_14' title='bbox 574 411 636 465; x_wconf 89' lang='lat' dir='ltr'><strong>tam</strong></span> <span class='ocrx_word' id='word_1_15' title='bbox 659 407 749 480; x_wconf 88' lang='lat' dir='ltr'><strong>longe</strong></span> <span class='ocrx_word' id='word_1_16' title='bbox 771 416 888 486; x_wconf 81' lang='lat' dir='ltr'><strong>renrota</strong></span> <span class='ocrx_word' id='word_1_17' title='bbox 910 410 949 469; x_wconf 89' lang='lat' dir='ltr'><strong>ab</strong></span> <span class='ocrx_word' id='word_1_18' title='bbox 970 411 1068 472; x_wconf 90' lang='lat' dir='ltr'><strong>aliena</strong></span> 
     </span>
     <span class='ocr_line' id='line_1_3' title="bbox 87 483 1096 566; baseline 0.009 -23"><span class='ocrx_word' id='word_1_19' title='bbox 87 485 195 548; x_wconf 89' lang='lat' dir='ltr'><strong>iniuria</strong></span> <span class='ocrx_word' id='word_1_20' title='bbox 217 501 308 560; x_wconf 90' lang='lat' dir='ltr'><strong>quum</strong></span> <span class='ocrx_word' id='word_1_21' title='bbox 333 503 351 545; x_wconf 94' lang='lat' dir='ltr'><strong>a</strong></span> <span class='ocrx_word' id='word_1_22' title='bbox 375 503 441 547; x_wconf 91' lang='lat' dir='ltr'><strong>sua.</strong></span> <span class='ocrx_word' id='word_1_23' title='bbox 478 483 640 548; x_wconf 80' lang='lat' dir='ltr'><strong>Dementes</strong></span> <span class='ocrx_word' id='word_1_24' title='bbox 663 489 767 566; x_wconf 88' lang='lat' dir='ltr'><strong>ltaque</strong></span> <span class='ocrx_word' id='word_1_25' title='bbox 788 497 818 549; x_wconf 90' lang='lat' dir='ltr'><strong>et</strong></span> <span class='ocrx_word' id='word_1_26' title='bbox 840 491 936 566; x_wconf 87' lang='lat' dir='ltr'><strong>ignari</strong></span> <span class='ocrx_word' id='word_1_27' title='bbox 958 493 1096 555; x_wconf 75' lang='lat' dir='ltr'><strong>verita-l</strong></span> 
     </span>
     <span class='ocr_line' id='line_1_4' title="bbox 82 567 1067 652; baseline 0.009 -23"><span class='ocrx_word' id='word_1_28' title='bbox 82 569 123 629; x_wconf 74' lang='lat' dir='ltr'><strong>‘tis</strong></span> <span class='ocrx_word' id='word_1_29' title='bbox 140 569 200 629; x_wconf 92' lang='lat' dir='ltr'><strong>illis</strong></span> <span class='ocrx_word' id='word_1_30' title='bbox 217 569 357 646; x_wconf 81' lang='lat' dir='ltr'>inputant</span> <span class='ocrx_word' id='word_1_31' title='bbox 375 567 531 630; x_wconf 84' lang='lat' dir='ltr'><strong>saeuitiam</strong></span> <span class='ocrx_word' id='word_1_32' title='bbox 550 569 652 644; x_wconf 79' lang='lat' dir='ltr'><strong>maria,</strong></span> <span class='ocrx_word' id='word_1_33' title='bbox 670 571 841 634; x_wconf 89' lang='lat' dir='ltr'><strong>inmodicos</strong></span> <span class='ocrx_word' id='word_1_34' title='bbox 859 574 980 650; x_wconf 82' lang='lat' dir='ltr'>imbres,</span> <span class='ocrx_word' id='word_1_35' title='bbox 999 594 1067 652; x_wconf 87' lang='lat' dir='ltr'><strong>per·</strong></span> 
     </span>
     <span class='ocr_line' id='line_1_5' title="bbox 88 651 1067 734; baseline 0.008 -22"><span class='ocrx_word' id='word_1_36' title='bbox 88 653 227 713; x_wconf 90' lang='lat' dir='ltr'><strong>tinaciam</strong></span> <span class='ocrx_word' id='word_1_37' title='bbox 253 651 376 724; x_wconf 85' lang='lat' dir='ltr'><strong>hiemis,</strong></span> <span class='ocrx_word' id='word_1_38' title='bbox 409 667 476 712; x_wconf 89' lang='lat' dir='ltr'><strong>cum</strong></span> <span class='ocrx_word' id='word_1_39' title='bbox 501 653 620 712; x_wconf 82' lang='lat' dir='ltr'><strong>interim</strong></span> <span class='ocrx_word' id='word_1_40' title='bbox 641 653 714 716; x_wconf 88' lang='lat' dir='ltr'><strong>nihil</strong></span> <span class='ocrx_word' id='word_1_41' title='bbox 745 656 852 716; x_wconf 90' lang='lat' dir='ltr'><strong>horum</strong></span> <span class='ocrx_word' id='word_1_42' title='bbox 876 675 956 734; x_wconf 86' lang='lat' dir='ltr'><strong>quae</strong></span> <span class='ocrx_word' id='word_1_43' title='bbox 978 661 1067 720; x_wconf 89' lang='lat' dir='ltr'><strong>nobis</strong></span> 
     </span>
     <span class='ocr_line' id='line_1_6' title="bbox 87 737 1067 814; baseline 0.007 -19"><span class='ocrx_word' id='word_1_44' title='bbox 87 743 200 797; x_wconf 79' lang='lat' dir='ltr'><strong>nocent</strong></span> <span class='ocrx_word' id='word_1_45' title='bbox 222 743 422 813; x_wconf 82' lang='lat' dir='ltr'><strong>prosuntque,</strong></span> <span class='ocrx_word' id='word_1_46' title='bbox 445 737 485 796; x_wconf 88' lang='lat' dir='ltr'><strong>ad</strong></span> <span class='ocrx_word' id='word_1_47' title='bbox 502 752 560 796; x_wconf 94' lang='lat' dir='ltr'><strong>nos</strong></span> <span class='ocrx_word' id='word_1_48' title='bbox 579 739 702 813; x_wconf 81' lang='lat' dir='ltr'><strong>proprie</strong></span> <span class='ocrx_word' id='word_1_49' title='bbox 720 739 874 814; x_wconf 85' lang='lat' dir='ltr'><strong>dirigatur.</strong></span> <span class='ocrx_word' id='word_1_50' title='bbox 910 743 1067 802; x_wconf 90' lang='lat' dir='ltr'><strong>nonenim</strong></span> 
     </span>
     <span class='ocr_line' id='line_1_7' title="bbox 88 817 1096 898; baseline 0.004 -20"><span class='ocrx_word' id='word_1_51' title='bbox 88 837 144 881; x_wconf 92' lang='lat' dir='ltr'><strong>nos</strong></span> <span class='ocrx_word' id='word_1_52' title='bbox 160 820 380 882; x_wconf 90' lang='lat' dir='ltr'><strong>oausamundo</strong></span> <span class='ocrx_word' id='word_1_53' title='bbox 399 835 506 881; x_wconf 89' lang='lat' dir='ltr'><strong>sumus</strong></span> <span class='ocrx_word' id='word_1_54' title='bbox 522 817 650 881; x_wconf 90' lang='lat' dir='ltr'><strong>hiemem</strong></span> <span class='ocrx_word' id='word_1_55' title='bbox 669 829 878 898; x_wconf 82' lang='lat' dir='ltr'><strong>aestatemque</strong></span> <span class='ocrx_word' id='word_1_56' title='bbox 897 827 1066 884; x_wconf 76' lang='lat' dir='ltr'><strong>referendi:</strong></span> <span class='ocrx_word' id='word_1_57' title='bbox 1093 864 1096 870; x_wconf 84' lang='lat'><em>-</em></span> 
     </span>
     <span class='ocr_line' id='line_1_8' title="bbox 87 903 1066 978; baseline 0.004 -15"><span class='ocrx_word' id='word_1_58' title='bbox 87 919 160 964; x_wconf 90' lang='lat' dir='ltr'><strong>suas</strong></span> <span class='ocrx_word' id='word_1_59' title='bbox 183 904 241 964; x_wconf 90' lang='lat' dir='ltr'><strong>ista</strong></span> <span class='ocrx_word' id='word_1_60' title='bbox 264 903 348 977; x_wconf 85' lang='lat' dir='ltr'><strong>leges</strong></span> <span class='ocrx_word' id='word_1_61' title='bbox 370 903 484 964; x_wconf 88' lang='lat' dir='ltr'><strong>habent</strong></span> <span class='ocrx_word' id='word_1_62' title='bbox 505 903 616 978; x_wconf 88' lang='lat' dir='ltr'><strong>quibus</strong></span> <span class='ocrx_word' id='word_1_63' title='bbox 639 905 741 965; x_wconf 91' lang='lat' dir='ltr'><strong>divina</strong></span> <span class='ocrx_word' id='word_1_64' title='bbox 759 915 947 967; x_wconf 84' lang='lat' dir='ltr'><strong>exercentur.</strong></span> <span class='ocrx_word' id='word_1_65' title='bbox 977 909 1066 968; x_wconf 90' lang='lat' dir='ltr'><strong>nimis</strong></span> 
     </span>
     <span class='ocr_line' id='line_1_9' title="bbox 14 985 1066 1070; baseline 0.006 -24"><span class='ocrx_word' id='word_1_66' title='bbox 14 1061 17 1070; x_wconf 30' lang='grc' dir='ltr'>Ι</span> <span class='ocrx_word' id='word_1_67' title='bbox 88 1003 145 1048; x_wconf 93' lang='lat' dir='ltr'><strong>nos</strong></span> <span class='ocrx_word' id='word_1_68' title='bbox 168 985 371 1061; x_wconf 81' lang='lat' dir='ltr'><strong>suspicimus,</strong></span> <span class='ocrx_word' id='word_1_69' title='bbox 401 987 427 1046; x_wconf 91' lang='lat' dir='ltr'><strong>si</strong></span> <span class='ocrx_word' id='word_1_70' title='bbox 452 986 534 1062; x_wconf 84' lang='lat' dir='ltr'><strong>digni</strong></span> <span class='ocrx_word' id='word_1_71' title='bbox 561 986 651 1048; x_wconf 91' lang='lat' dir='ltr'><strong>nobis</strong></span> <span class='ocrx_word' id='word_1_72' title='bbox 678 989 817 1050; x_wconf 86' lang='lat' dir='ltr'><strong>videmur</strong></span> <span class='ocrx_word' id='word_1_73' title='bbox 838 997 963 1067; x_wconf 89' lang='lat' dir='ltr'><strong>propter</strong></span> <span class='ocrx_word' id='word_1_74' title='bbox 986 1009 1066 1066; x_wconf 92' lang='lat' dir='ltr'><strong>quos</strong></span> 
     </span>
     <span class='ocr_line' id='line_1_10' title="bbox 87 1069 1066 1145; baseline 0.004 -15"><span class='ocrx_word' id='word_1_75' title='bbox 87 1077 169 1130; x_wconf 90' lang='lat' dir='ltr'><strong>tanta</strong></span> <span class='ocrx_word' id='word_1_76' title='bbox 193 1077 380 1130; x_wconf 82' lang='lat' dir='ltr'><strong>moueantur.</strong></span> <span class='ocrx_word' id='word_1_77' title='bbox 418 1069 492 1129; x_wconf 77' lang='lat' dir='ltr'><strong>nillil</strong></span> <span class='ocrx_word' id='word_1_78' title='bbox 511 1085 584 1145; x_wconf 89' lang='lat' dir='ltr'><strong>ergo</strong></span> <span class='ocrx_word' id='word_1_79' title='bbox 601 1071 709 1131; x_wconf 91' lang='lat' dir='ltr'><strong>horum</strong></span> <span class='ocrx_word' id='word_1_80' title='bbox 727 1073 755 1131; x_wconf 94' lang='lat' dir='ltr'><strong>in</strong></span> <span class='ocrx_word' id='word_1_81' title='bbox 774 1083 908 1134; x_wconf 89' lang='lat' dir='ltr'><strong>nostram</strong></span> <span class='ocrx_word' id='word_1_82' title='bbox 927 1075 1066 1134; x_wconf 91' lang='lat' dir='ltr'><strong>iniuriam</strong></span> 
     </span>
     <span class='ocr_line' id='line_1_11' title="bbox 86 1151 1095 1230; baseline 0.004 -16"><span class='ocrx_word' id='word_1_83' title='bbox 86 1155 136 1228; x_wconf 88' lang='lat' dir='ltr'><strong>lit,</strong></span> <span class='ocrx_word' id='word_1_84' title='bbox 160 1155 252 1215; x_wconf 88' lang='lat' dir='ltr'><strong>immo</strong></span> <span class='ocrx_word' id='word_1_85' title='bbox 275 1162 381 1215; x_wconf 88' lang='lat' dir='ltr'><strong>contra</strong></span> <span class='ocrx_word' id='word_1_86' title='bbox 401 1151 474 1213; x_wconf 87' lang='lat' dir='ltr'><strong>nihil</strong></span> <span class='ocrx_word' id='word_1_87' title='bbox 495 1167 556 1213; x_wconf 94' lang='lat' dir='ltr'><strong>non</strong></span> <span class='ocrx_word' id='word_1_88' title='bbox 578 1155 618 1213; x_wconf 91' lang='lat' dir='ltr'><strong>ad</strong></span> <span class='ocrx_word' id='word_1_89' title='bbox 639 1157 777 1215; x_wconf 88' lang='lat' dir='ltr'><strong>salutem.</strong></span> <span class='ocrx_word' id='word_1_90' title='bbox 822 1155 975 1230; x_wconf 76' lang='lat' dir='ltr'><strong>Quaedam</strong></span> <span class='ocrx_word' id='word_1_91' title='bbox 996 1161 1095 1220; x_wconf 75' lang='lat' dir='ltr'><strong>esset</strong></span> 
     </span>
     <span class='ocr_line' id='line_1_12' title="bbox 85 1237 1064 1315; baseline 0.004 -18"><span class='ocrx_word' id='word_1_92' title='bbox 85 1237 219 1297; x_wconf 89' lang='lat' dir='ltr'><strong>diximus</strong></span> <span class='ocrx_word' id='word_1_93' title='bbox 240 1251 318 1311; x_wconf 88' lang='lat' dir='ltr'><strong>quae</strong></span> <span class='ocrx_word' id='word_1_94' title='bbox 338 1251 451 1296; x_wconf 89' lang='lat' dir='ltr'><strong>nocere</strong></span> <span class='ocrx_word' id='word_1_95' title='bbox 468 1251 528 1296; x_wconf 93' lang='lat' dir='ltr'><strong>non</strong></span> <span class='ocrx_word' id='word_1_96' title='bbox 549 1237 677 1312; x_wconf 86' lang='lat' dir='ltr'><strong>possint,</strong></span> <span class='ocrx_word' id='word_1_97' title='bbox 697 1241 847 1314; x_wconf 87' lang='lat' dir='ltr'><strong>quaedam</strong></span> <span class='ocrx_word' id='word_1_98' title='bbox 866 1255 945 1315; x_wconf 89' lang='lat' dir='ltr'><strong>quae</strong></span> <span class='ocrx_word' id='word_1_99' title='bbox 960 1242 1064 1301; x_wconf 90' lang='lat' dir='ltr'><strong>nolint.</strong></span> 
     </span>
     <span class='ocr_line' id='line_1_13' title="bbox 84 1320 1064 1399; baseline 0.004 -20"><span class='ocrx_word' id='word_1_100' title='bbox 84 1321 117 1380; x_wconf 84' lang='lat' dir='ltr'><strong>Ir.</strong></span> <span class='ocrx_word' id='word_1_101' title='bbox 140 1321 177 1380; x_wconf 88' lang='lat' dir='ltr'><strong>ils</strong></span> <span class='ocrx_word' id='word_1_102' title='bbox 196 1327 285 1380; x_wconf 91' lang='lat' dir='ltr'><strong>erunt</strong></span> <span class='ocrx_word' id='word_1_103' title='bbox 306 1321 377 1380; x_wconf 93' lang='lat' dir='ltr'><strong>boni</strong></span> <span class='ocrx_word' id='word_1_104' title='bbox 396 1320 589 1394; x_wconf 80' lang='lat' dir='ltr'><strong>magistratus</strong></span> <span class='ocrx_word' id='word_1_105' title='bbox 608 1329 814 1396; x_wconf 88' lang='lat' dir='ltr'><strong>parentesque</strong></span> <span class='ocrx_word' id='word_1_106' title='bbox 832 1331 862 1382; x_wconf 89' lang='lat' dir='ltr'><strong>et</strong></span> <span class='ocrx_word' id='word_1_107' title='bbox 886 1332 1064 1399; x_wconf 88' lang='lat' dir='ltr'><strong>praecepto-</strong></span> 
     </span>
     <span class='ocr_line' id='line_1_14' title="bbox 84 1403 1066 1481; baseline 0.006 -19"><span class='ocrx_word' id='word_1_108' title='bbox 84 1421 136 1464; x_wconf 87' lang='lat' dir='ltr'><strong>res</strong></span> <span class='ocrx_word' id='word_1_109' title='bbox 165 1409 196 1464; x_wconf 90' lang='lat' dir='ltr'><strong>et</strong></span> <span class='ocrx_word' id='word_1_110' title='bbox 223 1403 358 1478; x_wconf 88' lang='lat' dir='ltr'><strong>iudices,</strong></span> <span class='ocrx_word' id='word_1_111' title='bbox 396 1419 524 1480; x_wconf 88' lang='lat' dir='ltr'><strong>quorum</strong></span> <span class='ocrx_word' id='word_1_112' title='bbox 553 1404 711 1479; x_wconf 79' lang='lat' dir='ltr'><strong>castigatio</strong></span> <span class='ocrx_word' id='word_1_113' title='bbox 740 1405 786 1464; x_wconf 91' lang='lat' dir='ltr'><strong>sic</strong></span> <span class='ocrx_word' id='word_1_114' title='bbox 811 1403 991 1481; x_wconf 87' lang='lat' dir='ltr'><strong>accipienda</strong></span> <span class='ocrx_word' id='word_1_115' title='bbox 1018 1414 1066 1468; x_wconf 89' lang='lat' dir='ltr'><strong>est</strong></span> 
     </span>
     <span class='ocr_line' id='line_1_15' title="bbox 85 1485 1064 1565; baseline 0.003 -18"><span class='ocrx_word' id='word_1_116' title='bbox 85 1485 243 1561; x_wconf 90' lang='lat' dir='ltr'><strong>quomodo</strong></span> <span class='ocrx_word' id='word_1_117' title='bbox 266 1487 445 1564; x_wconf 88' lang='lat' dir='ltr'><strong>scalpellum</strong></span> <span class='ocrx_word' id='word_1_118' title='bbox 471 1495 501 1548; x_wconf 90' lang='lat' dir='ltr'><strong>et</strong></span> <span class='ocrx_word' id='word_1_119' title='bbox 523 1487 706 1548; x_wconf 84' lang='lat' dir='ltr'><strong>abstinentia</strong></span> <span class='ocrx_word' id='word_1_120' title='bbox 727 1497 757 1550; x_wconf 88' lang='lat' dir='ltr'><strong>et</strong></span> <span class='ocrx_word' id='word_1_121' title='bbox 778 1489 837 1549; x_wconf 91' lang='lat' dir='ltr'><strong>alia</strong></span> <span class='ocrx_word' id='word_1_122' title='bbox 858 1505 937 1565; x_wconf 93' lang='lat' dir='ltr'><strong>quae</strong></span> <span class='ocrx_word' id='word_1_123' title='bbox 963 1491 1064 1564; x_wconf 85' lang='lat' dir='ltr'><strong>prolu-</strong></span> 
     </span>
     <span class='ocr_line' id='line_1_16' title="bbox 84 1569 1094 1648; baseline -0.002 -18"><span class='ocrx_word' id='word_1_124' title='bbox 84 1579 152 1630; x_wconf 89' lang='lat' dir='ltr'><strong>tura</strong></span> <span class='ocrx_word' id='word_1_125' title='bbox 169 1577 321 1648; x_wconf 89' lang='lat' dir='ltr'><strong>torquent.</strong></span> <span class='ocrx_word' id='word_1_126' title='bbox 343 1569 464 1630; x_wconf 82' lang='lat' dir='ltr'><strong>Adlecti</strong></span> <span class='ocrx_word' id='word_1_127' title='bbox 481 1584 587 1632; x_wconf 90' lang='lat' dir='ltr'><strong>sumus</strong></span> <span class='ocrx_word' id='word_1_128' title='bbox 605 1587 721 1646; x_wconf 88' lang='lat' dir='ltr'><strong>poena=</strong></span> <span class='ocrx_word' id='word_1_129' title='bbox 744 1581 903 1634; x_wconf 86' lang='lat' dir='ltr'><strong>succurrat</strong></span> <span class='ocrx_word' id='word_1_130' title='bbox 922 1587 983 1633; x_wconf 95' lang='lat' dir='ltr'><strong>non</strong></span> <span class='ocrx_word' id='word_1_131' title='bbox 1002 1574 1094 1633; x_wconf 85' lang='lat' dir='ltr'><strong>tan-4</strong></span> 
     </span>
     <span class='ocr_line' id='line_1_17' title="bbox 84 1653 1066 1730; baseline 0.002 -16"><span class='ocrx_word' id='word_1_132' title='bbox 84 1664 147 1714; x_wconf 91' lang='lat' dir='ltr'><strong>tum</strong></span> <span class='ocrx_word' id='word_1_133' title='bbox 176 1653 251 1728; x_wconf 88' lang='lat' dir='ltr'><strong>quid</strong></span> <span class='ocrx_word' id='word_1_134' title='bbox 281 1655 443 1729; x_wconf 89' lang='lat' dir='ltr'><strong>patiamur,</strong></span> <span class='ocrx_word' id='word_1_135' title='bbox 473 1656 530 1714; x_wconf 90' lang='lat' dir='ltr'><strong>sed</strong></span> <span class='ocrx_word' id='word_1_136' title='bbox 555 1653 629 1730; x_wconf 90' lang='lat' dir='ltr'><strong>quid</strong></span> <span class='ocrx_word' id='word_1_137' title='bbox 647 1655 823 1730; x_wconf 77' lang='lat' dir='ltr'><strong>fecerimus,</strong></span> <span class='ocrx_word' id='word_1_138' title='bbox 853 1657 883 1715; x_wconf 90' lang='lat' dir='ltr'><strong>in</strong></span> <span class='ocrx_word' id='word_1_139' title='bbox 906 1655 1066 1716; x_wconf 91' lang='lat' dir='ltr'><strong>consilium</strong></span> 
     </span>
     <span class='ocr_line' id='line_1_18' title="bbox 83 1737 1064 1814; baseline 0 -16"><span class='ocrx_word' id='word_1_140' title='bbox 83 1739 122 1798; x_wconf 89' lang='lat' dir='ltr'><strong>de</strong></span> <span class='ocrx_word' id='word_1_141' title='bbox 144 1739 209 1799; x_wconf 86' lang='lat' dir='ltr'><strong>vita</strong></span> <span class='ocrx_word' id='word_1_142' title='bbox 230 1746 334 1799; x_wconf 89' lang='lat' dir='ltr'><strong>nostra</strong></span> <span class='ocrx_word' id='word_1_143' title='bbox 358 1737 522 1798; x_wconf 83' lang='lat' dir='ltr'><strong>mittamur:</strong></span> <span class='ocrx_word' id='word_1_144' title='bbox 546 1740 572 1798; x_wconf 93' lang='lat' dir='ltr'><strong>si</strong></span> <span class='ocrx_word' id='word_1_145' title='bbox 594 1739 686 1800; x_wconf 88' lang='lat' dir='ltr'><strong>modo</strong></span> <span class='ocrx_word' id='word_1_146' title='bbox 708 1754 814 1800; x_wconf 90' lang='lat' dir='ltr'><strong>verum</strong></span> <span class='ocrx_word' id='word_1_147' title='bbox 833 1739 893 1814; x_wconf 90' lang='lat' dir='ltr'><strong>ipsi</strong></span> <span class='ocrx_word' id='word_1_148' title='bbox 914 1739 1003 1799; x_wconf 87' lang='lat' dir='ltr'><strong>nobis</strong></span> <span class='ocrx_word' id='word_1_149' title='bbox 1022 1739 1064 1798; x_wconf 92' lang='lat' dir='ltr'><strong>di-</strong></span> 
     </span>
     <span class='ocr_line' id='line_1_19' title="bbox 83 1821 1015 1896; baseline -0.002 -15"><span class='ocrx_word' id='word_1_150' title='bbox 83 1835 155 1882; x_wconf 87' lang='lat' dir='ltr'><strong>cere</strong></span> <span class='ocrx_word' id='word_1_151' title='bbox 178 1821 380 1894; x_wconf 74' lang='lat' dir='ltr'><strong>voluerimuS,</strong></span> <span class='ocrx_word' id='word_1_152' title='bbox 405 1821 500 1896; x_wconf 84' lang='lat' dir='ltr'><strong>pluris</strong></span> <span class='ocrx_word' id='word_1_153' title='bbox 521 1823 601 1881; x_wconf 88' lang='lat' dir='ltr'><strong>litem</strong></span> <span class='ocrx_word' id='word_1_154' title='bbox 623 1829 758 1882; x_wconf 87' lang='lat' dir='ltr'><strong>nostram</strong></span> <span class='ocrx_word' id='word_1_155' title='bbox 779 1821 1015 1882; x_wconf 84' lang='lat' dir='ltr'><strong>aestimabimus.</strong></span> 
     </span>
     <span class='ocr_line' id='line_1_20' title="bbox 146 1903 1092 1980; baseline 0.002 -14"><span class='ocrx_word' id='word_1_156' title='bbox 146 1905 282 1966; x_wconf 84' lang='lat' dir='ltr'><strong>XXVIII.</strong></span> <span class='ocrx_word' id='word_1_157' title='bbox 313 1903 347 1966; x_wconf 85' lang='lat' dir='ltr'><strong>Sl</strong></span> <span class='ocrx_word' id='word_1_158' title='bbox 371 1907 511 1966; x_wconf 91' lang='lat' dir='ltr'><strong>volumus</strong></span> <span class='ocrx_word' id='word_1_159' title='bbox 541 1910 630 1980; x_wconf 85' lang='lat' dir='ltr'><strong>aequi</strong></span> <span class='ocrx_word' id='word_1_160' title='bbox 658 1920 758 1967; x_wconf 88' lang='lat' dir='ltr'><strong>rerum</strong></span> <span class='ocrx_word' id='word_1_161' title='bbox 787 1905 919 1966; x_wconf 90' lang='lat' dir='ltr'><strong>omnium</strong></span> <span class='ocrx_word' id='word_1_162' title='bbox 946 1905 1092 1968; x_wconf 88' lang='lat' dir='ltr'><strong>iudicest</strong></span> 
     </span>
     <span class='ocr_line' id='line_1_21' title="bbox 82 1989 1064 2064; baseline 0 -16"><span class='ocrx_word' id='word_1_163' title='bbox 82 2003 171 2063; x_wconf 87' lang='lat' dir='ltr'><strong>esse,</strong></span> <span class='ocrx_word' id='word_1_164' title='bbox 202 1989 262 2050; x_wconf 91' lang='lat' dir='ltr'><strong>hoc</strong></span> <span class='ocrx_word' id='word_1_165' title='bbox 292 1989 419 2064; x_wconf 88' lang='lat' dir='ltr'><strong>primum</strong></span> <span class='ocrx_word' id='word_1_166' title='bbox 441 1989 531 2048; x_wconf 86' lang='lat' dir='ltr'><strong>nobis</strong></span> <span class='ocrx_word' id='word_1_167' title='bbox 554 1990 810 2064; x_wconf 89' lang='lat' dir='ltr'><strong>persuadeamus,</strong></span> <span class='ocrx_word' id='word_1_168' title='bbox 838 1989 987 2048; x_wconf 88' lang='lat' dir='ltr'><strong>nemiuem</strong></span> <span class='ocrx_word' id='word_1_169' title='bbox 1011 2003 1064 2048; x_wconf 90' lang='lat' dir='ltr'><strong>no-</strong></span> 
     </span>
     <span class='ocr_line' id='line_1_22' title="bbox 83 2069 1064 2148; baseline -0.001 -16"><span class='ocrx_word' id='word_1_170' title='bbox 83 2079 181 2132; x_wconf 89' lang='lat' dir='ltr'><strong>strum</strong></span> <span class='ocrx_word' id='word_1_171' title='bbox 209 2085 282 2132; x_wconf 89' lang='lat' dir='ltr'><strong>esse</strong></span> <span class='ocrx_word' id='word_1_172' title='bbox 311 2073 378 2132; x_wconf 89' lang='lat' dir='ltr'><strong>sine</strong></span> <span class='ocrx_word' id='word_1_173' title='bbox 407 2075 506 2148; x_wconf 88' lang='lat' dir='ltr'><strong>culpa.</strong></span> <span class='ocrx_word' id='word_1_174' title='bbox 544 2071 614 2132; x_wconf 90' lang='lat' dir='ltr'><strong>hinc</strong></span> <span class='ocrx_word' id='word_1_175' title='bbox 640 2073 719 2132; x_wconf 92' lang='lat' dir='ltr'><strong>enlm</strong></span> <span class='ocrx_word' id='word_1_176' title='bbox 746 2072 878 2132; x_wconf 88' lang='lat' dir='ltr'><strong>maxima</strong></span> <span class='ocrx_word' id='word_1_177' title='bbox 898 2069 1064 2147; x_wconf 83' lang='lat' dir='ltr'><strong>indignatio</strong></span> 
     </span>
     <span class='ocr_line' id='line_1_23' title="bbox 83 2151 1065 2230; baseline -0.002 -14"><span class='ocrx_word' id='word_1_178' title='bbox 83 2155 191 2216; x_wconf 82' lang='lat' dir='ltr'><strong>oritur.</strong></span> <span class='ocrx_word' id='word_1_179' title='bbox 213 2151 317 2229; x_wconf 75' lang='lat' dir='ltr'><strong>„Nihil</strong></span> <span class='ocrx_word' id='word_1_180' title='bbox 335 2153 488 2230; x_wconf 86' lang='lat' dir='ltr'><strong>peccavi“</strong></span> <span class='ocrx_word' id='word_1_181' title='bbox 510 2162 540 2214; x_wconf 88' lang='lat' dir='ltr'><strong>et</strong></span> <span class='ocrx_word' id='word_1_182' title='bbox 559 2155 660 2230; x_wconf 93' lang='lat' dir='ltr'><strong>„nihil</strong></span> <span class='ocrx_word' id='word_1_183' title='bbox 672 2157 768 2216; x_wconf 87' lang='lat' dir='ltr'><strong>·leci.“</strong></span> <span class='ocrx_word' id='word_1_184' title='bbox 789 2157 883 2216; x_wconf 91' lang='lat' dir='ltr'><strong>Immo</strong></span> <span class='ocrx_word' id='word_1_185' title='bbox 900 2155 973 2215; x_wconf 90' lang='lat' dir='ltr'><strong>nihil</strong></span> <span class='ocrx_word' id='word_1_186' title='bbox 991 2157 1065 2216; x_wconf 87' lang='lat' dir='ltr'><strong>late·</strong></span> 
     </span>
     <span class='ocr_line' id='line_1_24' title="bbox 81 2233 1065 2314; baseline 0 -16"><span class='ocrx_word' id='word_1_187' title='bbox 81 2238 137 2298; x_wconf 84' lang='lat' dir='ltr'><strong>ris.</strong></span> <span class='ocrx_word' id='word_1_188' title='bbox 160 2233 357 2314; x_wconf 83' lang='lat' dir='ltr'><strong>Indlgnamur</strong></span> <span class='ocrx_word' id='word_1_189' title='bbox 380 2239 482 2314; x_wconf 84' lang='lat' dir='ltr'><strong>aliqua</strong></span> <span class='ocrx_word' id='word_1_190' title='bbox 495 2239 710 2300; x_wconf 81' lang='lat' dir='ltr'><strong>admonitione</strong></span> <span class='ocrx_word' id='word_1_191' title='bbox 731 2249 782 2301; x_wconf 90' lang='lat' dir='ltr'><strong>aut</strong></span> <span class='ocrx_word' id='word_1_192' title='bbox 803 2239 986 2301; x_wconf 84' lang='lat' dir='ltr'><strong>coercitIone</strong></span> <span class='ocrx_word' id='word_1_193' title='bbox 1007 2255 1065 2299; x_wconf 94' lang='lat' dir='ltr'><strong>nos</strong></span> 
     </span>
     <span class='ocr_line' id='line_1_25' title="bbox 82 2321 1065 2399; baseline 0.001 -19"><span class='ocrx_word' id='word_1_194' title='bbox 82 2321 266 2398; x_wconf 86' lang='lat' dir='ltr'><strong>eastlgatos,</strong></span> <span class='ocrx_word' id='word_1_195' title='bbox 290 2337 358 2383; x_wconf 90' lang='lat' dir='ltr'><strong>cum</strong></span> <span class='ocrx_word' id='word_1_196' title='bbox 380 2321 430 2382; x_wconf 91' lang='lat' dir='ltr'><strong>illu</strong></span> <span class='ocrx_word' id='word_1_197' title='bbox 453 2323 522 2398; x_wconf 91' lang='lat' dir='ltr'><strong>ipso</strong></span> <span class='ocrx_word' id='word_1_198' title='bbox 540 2331 678 2397; x_wconf 88' lang='lat' dir='ltr'><strong>tempore</strong></span> <span class='ocrx_word' id='word_1_199' title='bbox 695 2339 873 2398; x_wconf 83' lang='lat' dir='ltr'><strong>peccemus,</strong></span> <span class='ocrx_word' id='word_1_200' title='bbox 898 2323 981 2399; x_wconf 91' lang='lat' dir='ltr'><strong>quod</strong></span> <span class='ocrx_word' id='word_1_201' title='bbox 1002 2323 1065 2381; x_wconf 89' lang='lat' dir='ltr'><strong>adi·</strong></span> 
     </span>
     <span class='ocr_line' id='line_1_26' title="bbox 82 2405 1093 2480; baseline 0.002 -16"><span class='ocrx_word' id='word_1_202' title='bbox 82 2407 182 2468; x_wconf 88' lang='lat' dir='ltr'><strong>cimus</strong></span> <span class='ocrx_word' id='word_1_203' title='bbox 199 2405 367 2466; x_wconf 80' lang='lat' dir='ltr'><strong>malclactIs</strong></span> <span class='ocrx_word' id='word_1_204' title='bbox 387 2405 596 2480; x_wconf 85' lang='lat' dir='ltr'><strong>adrogantlam</strong></span> <span class='ocrx_word' id='word_1_205' title='bbox 614 2415 644 2467; x_wconf 92' lang='lat' dir='ltr'><strong>et</strong></span> <span class='ocrx_word' id='word_1_206' title='bbox 665 2407 894 2467; x_wconf 89' lang='lat' dir='ltr'><strong>contumaciam.</strong></span> <span class='ocrx_word' id='word_1_207' title='bbox 928 2405 1002 2480; x_wconf 78' lang='lat' dir='ltr'><strong>Quls</strong></span> <span class='ocrx_word' id='word_1_208' title='bbox 1020 2412 1093 2466; x_wconf 80' lang='lat' dir='ltr'><strong>esta</strong></span> 
     </span>
     <span class='ocr_line' id='line_1_27' title="bbox 82 2487 1067 2564; baseline 0.001 -17"><span class='ocrx_word' id='word_1_209' title='bbox 82 2487 142 2548; x_wconf 88' lang='lat' dir='ltr'><strong>iste</strong></span> <span class='ocrx_word' id='word_1_210' title='bbox 171 2489 224 2564; x_wconf 90' lang='lat' dir='ltr'><strong>qul</strong></span> <span class='ocrx_word' id='word_1_211' title='bbox 248 2500 283 2548; x_wconf 87' lang='lat' dir='ltr'><strong>se</strong></span> <span class='ocrx_word' id='word_1_212' title='bbox 311 2488 469 2564; x_wconf 87' lang='lat' dir='ltr'><strong>profitetur</strong></span> <span class='ocrx_word' id='word_1_213' title='bbox 490 2491 630 2550; x_wconf 90' lang='lat' dir='ltr'><strong>omnibus</strong></span> <span class='ocrx_word' id='word_1_214' title='bbox 652 2489 770 2564; x_wconf 82' lang='lat' dir='ltr'><strong>legibus</strong></span> <span class='ocrx_word' id='word_1_215' title='bbox 791 2488 1008 2550; x_wconf 77' lang='lat' dir='ltr'><strong>innocentemt</strong></span> <span class='ocrx_word' id='word_1_216' title='bbox 1034 2495 1067 2548; x_wconf 92' lang='lat' dir='ltr'><strong>ut</strong></span> 
     </span>
     <span class='ocr_line' id='line_1_28' title="bbox 83 2569 1066 2650; baseline 0.001 -21"><span class='ocrx_word' id='word_1_217' title='bbox 83 2571 144 2631; x_wconf 91' lang='lat' dir='ltr'><strong>hoc</strong></span> <span class='ocrx_word' id='word_1_218' title='bbox 167 2569 208 2632; x_wconf 87' lang='lat' dir='ltr'><strong>lta</strong></span> <span class='ocrx_word' id='word_1_219' title='bbox 230 2571 284 2644; x_wconf 83' lang='lat' dir='ltr'><strong>stt,</strong></span> <span class='ocrx_word' id='word_1_220' title='bbox 310 2587 401 2650; x_wconf 90' lang='lat' dir='ltr'><strong>quam</strong></span> <span class='ocrx_word' id='word_1_221' title='bbox 423 2581 552 2648; x_wconf 85' lang='lat' dir='ltr'><strong>angusta</strong></span> <span class='ocrx_word' id='word_1_222' title='bbox 574 2573 747 2634; x_wconf 87' lang='lat' dir='ltr'><strong>innocentla</strong></span> <span class='ocrx_word' id='word_1_223' title='bbox 768 2582 816 2634; x_wconf 88' lang='lat' dir='ltr'><strong>est</strong></span> <span class='ocrx_word' id='word_1_224' title='bbox 836 2575 875 2633; x_wconf 92' lang='lat' dir='ltr'><strong>ad</strong></span> <span class='ocrx_word' id='word_1_225' title='bbox 895 2575 992 2645; x_wconf 87' lang='lat' dir='ltr'><strong>legem</strong></span> <span class='ocrx_word' id='word_1_226' title='bbox 1011 2569 1066 2630; x_wconf 91' lang='lat' dir='ltr'><strong>bo·</strong></span> 
     </span>
     <span class='ocr_line' id='line_1_29' title="bbox 83 2652 1066 2732; baseline -0.002 -18"><span class='ocrx_word' id='word_1_227' title='bbox 83 2671 155 2716; x_wconf 92' lang='lat' dir='ltr'><strong>num</strong></span> <span class='ocrx_word' id='word_1_228' title='bbox 184 2661 279 2716; x_wconf 83' lang='lat' dir='ltr'><strong>esset</strong></span> <span class='ocrx_word' id='word_1_229' title='bbox 305 2663 417 2732; x_wconf 89' lang='lat' dir='ltr'><strong>quanto</strong></span> <span class='ocrx_word' id='word_1_230' title='bbox 446 2657 536 2716; x_wconf 89' lang='lat' dir='ltr'><strong>latins</strong></span> <span class='ocrx_word' id='word_1_231' title='bbox 564 2657 734 2718; x_wconf 81' lang='lat' dir='ltr'><strong>officiorum</strong></span> <span class='ocrx_word' id='word_1_232' title='bbox 761 2663 844 2730; x_wconf 89' lang='lat' dir='ltr'><strong>patet</strong></span> <span class='ocrx_word' id='word_1_233' title='bbox 872 2669 964 2731; x_wconf 90' lang='lat' dir='ltr'><strong>quam</strong></span> <span class='ocrx_word' id='word_1_234' title='bbox 992 2652 1066 2713; x_wconf 85' lang='lat' dir='ltr'><strong>luris</strong></span> 
     </span>
     <span class='ocr_line' id='line_1_30' title="bbox 81 2737 1066 2814; baseline 0.001 -18"><span class='ocrx_word' id='word_1_235' title='bbox 81 2737 215 2812; x_wconf 79' lang='lat' dir='ltr'><strong>regulet</strong></span> <span class='ocrx_word' id='word_1_236' title='bbox 243 2755 334 2814; x_wconf 89' lang='lat' dir='ltr'><strong>quam</strong></span> <span class='ocrx_word' id='word_1_237' title='bbox 356 2737 449 2800; x_wconf 91' lang='lat' dir='ltr'><strong>multa</strong></span> <span class='ocrx_word' id='word_1_238' title='bbox 470 2737 582 2814; x_wconf 87' lang='lat' dir='ltr'><strong>pietas,</strong></span> <span class='ocrx_word' id='word_1_239' title='bbox 612 2739 799 2814; x_wconf 87' lang='lat' dir='ltr'><strong>humanitas,</strong></span> <span class='ocrx_word' id='word_1_240' title='bbox 817 2739 997 2810; x_wconf 86' lang='lat' dir='ltr'><strong>liberalitas,</strong></span> <span class='ocrx_word' id='word_1_241' title='bbox 1022 2738 1066 2797; x_wconf 86' lang='lat' dir='ltr'><strong>iu-</strong></span> 
     </span>
     <span class='ocr_line' id='line_1_31' title="bbox 82 2822 1066 2898; baseline 0 -16"><span class='ocrx_word' id='word_1_242' title='bbox 82 2823 174 2894; x_wconf 89' lang='lat' dir='ltr'><strong>stitia,</strong></span> <span class='ocrx_word' id='word_1_243' title='bbox 198 2822 279 2882; x_wconf 89' lang='lat' dir='ltr'><strong>fides</strong></span> <span class='ocrx_word' id='word_1_244' title='bbox 298 2823 432 2896; x_wconf 88' lang='lat' dir='ltr'><strong>exigunt,</strong></span> <span class='ocrx_word' id='word_1_245' title='bbox 453 2839 532 2897; x_wconf 91' lang='lat' dir='ltr'><strong>quae</strong></span> <span class='ocrx_word' id='word_1_246' title='bbox 554 2825 656 2883; x_wconf 88' lang='lat' dir='ltr'><strong>omnia</strong></span> <span class='ocrx_word' id='word_1_247' title='bbox 677 2832 762 2884; x_wconf 86' lang='lat' dir='ltr'><strong>extra</strong></span> <span class='ocrx_word' id='word_1_248' title='bbox 783 2823 922 2898; x_wconf 90' lang='lat' dir='ltr'><strong>publicas</strong></span> <span class='ocrx_word' id='word_1_249' title='bbox 945 2823 1066 2882; x_wconf 86' lang='lat' dir='ltr'><strong>tabulas</strong></span> 
     </span>
     <span class='ocr_line' id='line_1_32' title="bbox 82 2903 1097 2982; baseline 0.004 -18"><span class='ocrx_word' id='word_1_250' title='bbox 82 2912 178 2966; x_wconf 70' lang='lat' dir='ltr'><strong>sunt?</strong></span> <span class='ocrx_word' id='word_1_251' title='bbox 210 2903 274 2964; x_wconf 91' lang='lat' dir='ltr'><strong>Sed</strong></span> <span class='ocrx_word' id='word_1_252' title='bbox 295 2922 334 2965; x_wconf 91' lang='lat' dir='ltr'><strong>ne</strong></span> <span class='ocrx_word' id='word_1_253' title='bbox 353 2907 393 2966; x_wconf 93' lang='lat' dir='ltr'><strong>ad</strong></span> <span class='ocrx_word' id='word_1_254' title='bbox 414 2907 495 2965; x_wconf 91' lang='lat' dir='ltr'><strong>illam</strong></span> <span class='ocrx_word' id='word_1_255' title='bbox 519 2907 642 2982; x_wconf 89' lang='lat' dir='ltr'><strong>quidem</strong></span> <span class='ocrx_word' id='word_1_256' title='bbox 666 2907 847 2967; x_wconf 86' lang='lat' dir='ltr'><strong>artissimam</strong></span> <span class='ocrx_word' id='word_1_257' title='bbox 875 2906 1097 2968; x_wconf 77' lang='lat' dir='ltr'><strong>innocentlaett</strong></span> 
     </span>
     <span class='ocr_line' id='line_1_33' title="bbox 82 2987 1067 3064; baseline 0.001 -17"><span class='ocrx_word' id='word_1_258' title='bbox 82 2987 247 3048; x_wconf 85' lang='lat' dir='ltr'><strong>formulam</strong></span> <span class='ocrx_word' id='word_1_259' title='bbox 275 2993 433 3064; x_wconf 84' lang='lat' dir='ltr'><strong>praestare</strong></span> <span class='ocrx_word' id='word_1_260' title='bbox 458 3005 516 3050; x_wconf 89' lang='lat' dir='ltr'><strong>nus</strong></span> <span class='ocrx_word' id='word_1_261' title='bbox 539 3004 720 3064; x_wconf 75' lang='lat' dir='ltr'><strong>possumus:</strong></span> <span class='ocrx_word' id='word_1_262' title='bbox 748 2991 808 3049; x_wconf 91' lang='lat' dir='ltr'><strong>alia</strong></span> <span class='ocrx_word' id='word_1_263' title='bbox 835 2991 976 3063; x_wconf 88' lang='lat' dir='ltr'><strong>lecimus,</strong></span> <span class='ocrx_word' id='word_1_264' title='bbox 1008 2989 1067 3048; x_wconf 90' lang='lat' dir='ltr'><strong>alia</strong></span> 
     </span>
     <span class='ocr_line' id='line_1_34' title="bbox 81 3069 1066 3147; baseline 0.001 -17"><span class='ocrx_word' id='word_1_265' title='bbox 81 3069 305 3146; x_wconf 85' lang='lat' dir='ltr'><strong>cogitavimus,</strong></span> <span class='ocrx_word' id='word_1_266' title='bbox 334 3071 392 3134; x_wconf 72' lang='lat' dir='ltr'><strong>alla</strong></span> <span class='ocrx_word' id='word_1_267' title='bbox 414 3073 602 3147; x_wconf 86' lang='lat' dir='ltr'><strong>optavimus,</strong></span> <span class='ocrx_word' id='word_1_268' title='bbox 630 3073 698 3133; x_wconf 88' lang='lat' dir='ltr'><strong>aliis</strong></span> <span class='ocrx_word' id='word_1_269' title='bbox 721 3071 865 3147; x_wconf 73' lang='lat' dir='ltr'><strong>lavimuS,</strong></span> <span class='ocrx_word' id='word_1_270' title='bbox 887 3073 918 3133; x_wconf 94' lang='lat' dir='ltr'><strong>in</strong></span> <span class='ocrx_word' id='word_1_271' title='bbox 940 3070 1066 3146; x_wconf 87' lang='lat' dir='ltr'><strong>quibus-</strong></span> 
     </span>
     <span class='ocr_line' id='line_1_35' title="bbox 82 3153 1094 3232; baseline 0.005 -18"><span class='ocrx_word' id='word_1_272' title='bbox 82 3153 154 3215; x_wconf 90' lang='lat' dir='ltr'><strong>dam</strong></span> <span class='ocrx_word' id='word_1_273' title='bbox 175 3155 357 3217; x_wconf 86' lang='lat' dir='ltr'><strong>innucentes</strong></span> <span class='ocrx_word' id='word_1_274' title='bbox 380 3171 502 3228; x_wconf 87' lang='lat' dir='ltr'><strong>sumus,</strong></span> <span class='ocrx_word' id='word_1_275' title='bbox 524 3153 597 3232; x_wconf 91' lang='lat' dir='ltr'><strong>quia</strong></span> <span class='ocrx_word' id='word_1_276' title='bbox 618 3171 680 3218; x_wconf 93' lang='lat' dir='ltr'><strong>non</strong></span> <span class='ocrx_word' id='word_1_277' title='bbox 701 3157 861 3217; x_wconf 86' lang='lat' dir='ltr'><strong>successit.</strong></span> <span class='ocrx_word' id='word_1_278' title='bbox 894 3155 962 3216; x_wconf 87' lang='lat' dir='ltr'><strong>Hoc</strong></span> <span class='ocrx_word' id='word_1_279' title='bbox 984 3156 1094 3229; x_wconf 80' lang='lat' dir='ltr'><strong>cogi-4</strong></span> 
     </span>
     <span class='ocr_line' id='line_1_36' title="bbox 81 3235 1065 3315; baseline -0.001 -18"><span class='ocrx_word' id='word_1_280' title='bbox 81 3245 184 3300; x_wconf 76' lang='lat' dir='ltr'><strong>tantos</strong></span> <span class='ocrx_word' id='word_1_281' title='bbox 203 3239 368 3314; x_wconf 85' lang='lat' dir='ltr'><strong>aequiores</strong></span> <span class='ocrx_word' id='word_1_282' title='bbox 386 3235 482 3300; x_wconf 87' lang='lat' dir='ltr'><strong>simus</strong></span> <span class='ocrx_word' id='word_1_283' title='bbox 500 3239 762 3315; x_wconf 86' lang='lat' dir='ltr'><strong>delinquentibus,</strong></span> <span class='ocrx_word' id='word_1_284' title='bbox 784 3239 945 3300; x_wconf 85' lang='lat' dir='ltr'><strong>credamus</strong></span> <span class='ocrx_word' id='word_1_285' title='bbox 964 3238 1065 3297; x_wconf 89' lang='lat' dir='ltr'><strong>obiur-</strong></span> 
     </span>
     <span class='ocr_line' id='line_1_37' title="bbox 81 3319 1065 3403; baseline -0.002 -23"><span class='ocrx_word' id='word_1_286' title='bbox 81 3321 242 3395; x_wconf 76' lang='lat' dir='ltr'><strong>gantibus:</strong></span> <span class='ocrx_word' id='word_1_287' title='bbox 264 3322 369 3403; x_wconf 89' lang='lat' dir='ltr'><strong>utique</strong></span> <span class='ocrx_word' id='word_1_288' title='bbox 391 3319 480 3382; x_wconf 91' lang='lat' dir='ltr'><strong>nobis</strong></span> <span class='ocrx_word' id='word_1_289' title='bbox 497 3337 536 3382; x_wconf 82' lang='lat' dir='ltr'><strong>ne</strong></span> <span class='ocrx_word' id='word_1_290' title='bbox 552 3323 734 3398; x_wconf 88' lang='lat' dir='ltr'><strong>irascamur,</strong></span> <span class='ocrx_word' id='word_1_291' title='bbox 756 3323 819 3398; x_wconf 94' lang='lat' dir='ltr'><strong>(cui</strong></span> <span class='ocrx_word' id='word_1_292' title='bbox 841 3321 921 3382; x_wconf 81' lang='lat' dir='ltr'><strong>enlm</strong></span> <span class='ocrx_word' id='word_1_293' title='bbox 938 3339 1015 3391; x_wconf 91' lang='lat' dir='ltr'><strong>non,</strong></span> <span class='ocrx_word' id='word_1_294' title='bbox 1039 3320 1065 3378; x_wconf 88' lang='lat' dir='ltr'><strong>si</strong></span> 
     </span>
     <span class='ocr_line' id='line_1_38' title="bbox 81 3404 1064 3482; baseline -0.006 -19"><span class='ocrx_word' id='word_1_295' title='bbox 81 3406 174 3466; x_wconf 85' lang='lat' dir='ltr'><strong>nobis</strong></span> <span class='ocrx_word' id='word_1_296' title='bbox 194 3405 493 3482; x_wconf 65' lang='lat' dir='ltr'><strong>quoquenanlnime</strong></span> <span class='ocrx_word' id='word_1_297' title='bbox 510 3405 567 3466; x_wconf 90' lang='lat' dir='ltr'><strong>dis.</strong></span> <span class='ocrx_word' id='word_1_298' title='bbox 589 3421 650 3466; x_wconf 93' lang='lat' dir='ltr'><strong>non</strong></span> <span class='ocrx_word' id='word_1_299' title='bbox 668 3407 748 3468; x_wconf 90' lang='lat' dir='ltr'><strong>enim</strong></span> <span class='ocrx_word' id='word_1_300' title='bbox 764 3405 899 3477; x_wconf 91' lang='lat' dir='ltr'><strong>illorum,</strong></span> <span class='ocrx_word' id='word_1_301' title='bbox 922 3405 979 3463; x_wconf 88' lang='lat' dir='ltr'><strong>sed</strong></span> <span class='ocrx_word' id='word_1_302' title='bbox 996 3404 1064 3473; x_wconf 87' lang='lat' dir='ltr'><strong>tege</strong></span> 
     </span>
     <span class='ocr_line' id='line_1_39' title="bbox 80 3481 1061 3566; baseline -0.009 -19"><span class='ocrx_word' id='word_1_303' title='bbox 80 3490 273 3550; x_wconf 88' lang='lat' dir='ltr'><strong>mortalitatis</strong></span> <span class='ocrx_word' id='word_1_304' title='bbox 285 3489 416 3565; x_wconf 92' lang='lat' dir='ltr'><strong>patimur</strong></span> <span class='ocrx_word' id='word_1_305' title='bbox 426 3489 572 3566; x_wconf 85' lang='lat' dir='ltr'><strong>quicquid</strong></span> <span class='ocrx_word' id='word_1_306' title='bbox 584 3489 767 3550; x_wconf 90' lang='lat' dir='ltr'><strong>incommodi</strong></span> <span class='ocrx_word' id='word_1_307' title='bbox 778 3489 897 3548; x_wconf 88' lang='lat' dir='ltr'><strong>accidit.</strong></span> <span class='ocrx_word' id='word_1_308' title='bbox 914 3489 955 3544; x_wconf 83' lang='lat' dir='ltr'><strong>At</strong></span> <span class='ocrx_word' id='word_1_309' title='bbox 966 3481 1061 3539; x_wconf 78' lang='lat' dir='ltr'><strong>morbi</strong></span> 
     </span>
    </p>
   </div>
   <div class='ocr_carea' id='block_1_3' title="bbox 0 0 1266 3906">
    <p class='ocr_par' dir='ltr' id='par_1_3' title="bbox 0 0 1266 3906">
     <span class='ocr_line' id='line_1_40' title="bbox 0 0 1266 3906; baseline 0 2"><span class='ocrx_word' id='word_1_310' title='bbox 0 0 1266 3906; x_wconf 95' lang='lat' dir='ltr'><strong> </strong></span> 
     </span>
    </p>
   </div>
  </div>
 </body>
</html>
