2546 3890
183 214 245 276 ⁵294
468 212 501 270 L.
523 211 667 270 ANNAEl
690 209 864 270 SENECAE

184 376 214 428 et
234 372 305 428 vota
326 379 388 424 non
409 363 468 424 sub
483 361 612 422 custode
627 358 896 435 nuncupantibus?
924 361 949 420 si
966 361 1090 436 paulum
1105 379 1164 423 va-

186 451 279 512 litudo
294 447 448 520 titubavit,
463 462 524 506 non
537 460 624 520 spem
635 444 789 504 hominum
802 444 942 517 excitari,
958 445 1013 504 sod
1024 454 1165 506 metum?

185 533 259 595 nihil
280 547 351 593 csse
373 531 513 606 cuiquam
530 536 591 588 tarn
606 529 787 602 pretiosum,
811 527 896 602 quod
912 545 970 587 non
988 543 1044 603 pro
1060 532 1163 590 salute

155 629 173 683 8
186 617 337 694 praesidis
352 615 399 675 sui
414 612 732 675 commutatum-veliti
761 610 784 672 0
797 627 854 670 nae
869 612 936 685 illo,
952 613 1000 672 cni
1012 613 1163 688 contingit

186 700 250 739 ***
266 700 323 760 sibi
339 713 463 774 quoque
479 696 582 758 vivere
599 695 717 756 debeat.
740 695 768 752 in
784 694 844 756 hoc
859 695 998 760 adsiduis
1012 696 1160 757 bonitatis

185 781 527 860 argumentis-probavit
540 794 600 838 non
615 779 832 854 rempublicam
848 795 935 838 suam
951 795 1036 850 csse,
1054 780 1110 840 sed
1124 796 1162 840 se

185 867 381 944 reipublicae.
416 865 488 938 Quis
501 861 570 924 huic
581 863 693 924 audeat
703 869 821 922 struere
834 863 958 937 aliquod
970 864 1162 939 periculum?

188 953 257 1027 quis
278 949 316 1008 ab
336 949 395 1008 hoc
416 965 492 1021 non,
513 945 539 1006 si
562 945 676 1020 possit,
702 947 857 1006 fortunam-
875 963 1000 1022 quoquc
1021 955 1160 1010 avertere

187 1035 274 1104 velit,
298 1029 356 1092 sub
372 1047 432 1106 quo
450 1029 577 1103 iustitia,
600 1047 675 1104 pax,
697 1027 858 1104 pudicitia,
882 1031 1044 1104 securitas,
1061 1032 1161 1104 digni-

189 1132 235 1180 tas
260 1118 388 1190 florent,
417 1116 474 1176 sub
502 1131 562 1189 quo
588 1114 733 1189 opulenta
756 1113 863 1174 civitas
889 1115 982 1190 copia
1006 1115 1161 1174 bonorum

159 1212 176 1266 9
189 1201 320 1263 omnium
342 1200 498 1260 abundat?
527 1198 589 1273 Nep
604 1199 663 1260 aiio
679 1197 778 1258 animo
791 1205 941 1260 rectorem
957 1215 1044 1260 suum
1060 1200 1161 1260 intue-

187 1295 248 1358 tur,
272 1300 362 1360 quarn
378 1284 405 1344 si
421 1283 450 1343 di
463 1283 637 1342 inmortales
651 1288 830 1356 potestatem
844 1283 963 1342 visendi
976 1283 1024 1343 sui
1036 1281 1159 1342 iaciant.

188 1371 368 1448 [intueamur
388 1374 569 1432 venerantes
590 1367 809 1444 uolentesque]
849 1365 927 1439 Quid
945 1373 1068 1426 autem?
1095 1382 1160 1426 non

189 1454 358 1528 proximum
379 1450 437 1510 illis
459 1452 559 1510 locum
580 1455 660 1510 tenet
673 1449 715 1522 ts,
738 1450 790 1524 qui
806 1457 840 1508 se
856 1466 893 1508 ex
908 1451 1033 1510 deorum
1049 1457 1161 1511 natura

188 1538 263 1611 gerit
282 1535 439 1595 beneficus
463 1549 498 1592 ac
519 1533 621 1607 largus
643 1539 673 1592 et
692 1533 721 1591 in
736 1531 845 1592 melius
860 1539 992 1609 potensi
1021 1534 1087 1594 Hoc
1103 1533 1160 1593 ad·

189 1624 315 1692 lecture,
339 1619 397 1676 lioc
411 1615 519 1675 imitari
535 1616 636 1688 decet,
659 1617 823 1676 maximum
837 1617 878 1678 ita
895 1617 1015 1692 haberi,
1036 1623 1070 1677 ut
1081 1619 1161 1692 opti·

189 1719 255 1762 nius
271 1702 358 1761 simul
373 1701 514 1760 habeare,
949 1748 952 1753 .

161 1802 174 1851 1
248 1781 1160 1859 XX.Adnabuscausispunircprinccpssolet=
1254 1851 1255 1876 χ

189 1871 238 1944 [si]
255 1875 319 1928 aut
340 1866 782 1929 sovindioatuutalium.
807 1867 1162 1942 priusdceaparte

189 1955 394 2028 disseram,
425 1966 522 2026 quae
548 1951 674 2024 ipsum
695 1949 905 2025 contingit:
936 1949 1088 2010 difficilius
1111 1959 1163 2011 est

189 2037 267 2096 enirn
278 2033 439 2106 moderari,
455 2034 506 2094 ubi
516 2033 614 2092 dolori
624 2033 751 2094 debetur
759 2035 832 2094 ultio
842 2051 931 2109 quarn
943 2035 993 2093 ubi
1004 2035 1161 2108 exemplo.

161 2121 418 2194 aSupervacuum
439 2126 486 2176 est
506 2117 565 2176 noc
585 2117 653 2176 loco
675 2118 856 2191 admonere,
878 2133 917 2178 nc
938 2117 1027 2177 lacile
1042 2117 1162 2191 eredat,

189 2211 220 2262 nt
236 2218 338 2261 verum
356 2201 501 2274 excutiat,
522 2206 555 2260 ut
568 2200 759 2262 innocentiae
774 2202 876 2261 laneat
889 2209 933 2276 (ct
944 2209 976 2262 ut
988 2201 1161 2276 adpareat),

188 2294 220 2345 ut
240 2300 300 2344 non
321 2284 467 2343 minorem
485 2282 534 2357 agi
549 2297 610 2340 reni
628 2283 825 2357 periclitantis
840 2301 931 2360 quam
946 2283 1055 2344 iudicis
1070 2285 1160 2346 sciat.

188 2370 247 2428 hoc
262 2365 341 2428 enim
356 2367 395 2426 ad
410 2367 561 2439 iustitiam,
577 2381 637 2424 non
653 2368 691 2426 ad
707 2369 894 2430 clementiam
910 2367 1054 2444 pertinet:
1076 2385 1161 2428 nunc

188 2453 270 2512 illurn
284 2451 452 2524 hortamur,
475 2459 507 2512 ut
526 2450 686 2510 manifesto
701 2453 803 2512 laesus
815 2452 947 2512 animum
962 2453 992 2511 in
1007 2459 1161 2528 potestate

188 2536 298 2596 lrabeat
322 2543 352 2596 et
376 2551 526 2612 poenam,
555 2533 582 2594 si
604 2541 666 2594 tuto
689 2535 813 2610 poterit,
844 2535 950 2610 donet,
979 2535 1026 2595 sin
1046 2534 1161 2609 minua,

187 2627 335 2694 temperet
350 2619 503 2694 longeque
518 2616 557 2678 sit
572 2617 602 2676 in
618 2618 682 2678 suis
699 2635 790 2694 quam
805 2617 836 2678 in
850 2618 958 2680 alienis
973 2618 1089 2680 iniuriis
1104 2635 1160 2678 ex·

141 2703 339 2772 amabilior.
373 2703 448 2762 Nam
465 2701 719 2777 qrremadmodum
736 2719 796 2764 non
812 2702 975 2784 estmagni
990 2703 1087 2776 animi,
1106 2704 1161 2777 qui

187 2789 226 2848 de
240 2787 338 2847 alieno
354 2785 487 2847 liberalis
502 2791 563 2858 cst,
579 2787 634 2845 sed
650 2785 700 2846 ille
715 2787 766 2861 qui
783 2787 866 2862 quod
881 2787 966 2847 alteri
982 2787 1083 2860 donat,
1099 2787 1160 2846 sibi

187 2870 330 2945 detrahit,
359 2871 399 2930 ita
419 2871 596 2930 clementem
615 2870 736 2932 vocabo
754 2887 814 2931 non
830 2871 860 2930 in
876 2871 975 2930 alieno
991 2871 1126 2932 doloret
1146 2898 1158 2909 ·
1254 2911 1255 2938 ,

188 2952 288 3027 oilcm,
311 2954 367 3014 sed
389 2969 473 3027 eum,
497 2952 637 3028 quicum
660 2953 725 3014 suis
743 2955 872 3016 stimulis
889 2955 1072 3028 exagitetur,
1095 2969 1160 3014 non
1254 2953 1255 3032 j

186 3038 318 3112 prosilit,
335 3037 386 3113 qui
401 3037 546 3111 intellegit
562 3036 663 3112 magni
674 3038 765 3098 animi
777 3053 848 3098 esse
859 3037 984 3098 iniurias
996 3039 1025 3098 in
1040 3053 1161 3098 summa
1254 3039 1255 3120 ζ

187 3122 320 3194 potentia
341 3120 404 3197 pati
426 3137 483 3181 nec
503 3119 667 3196 'quicquam
688 3136 760 3182 esse
775 3121 939 3196 gloriosius
958 3121 1096 3196 principe
1113 3123 1160 3180 in-

187 3219 268 3278 pune
284 3205 377 3264 laeso.

157 3303 172 3356 1
247 3285 324 3347 XXI.
346 3289 426 3355 Ultio
442 3289 519 3348 duas
534 3304 584 3350 res
600 3294 757 3362 praestare
772 3291 864 3365 solet,
880 3296 933 3350 aut
947 3289 1087 3350 solatium
1105 3288 1160 3348 ad·

186 3371 244 3430 lert
255 3371 298 3444 ei,
315 3373 367 3446 qui
382 3371 500 3446 accepit
511 3370 663 3446 iniuriam,
680 3372 771 3432 autin
783 3374 933 3448 reliquum
947 3372 1159 3434 securitatem=

17 3497 19 3554 i
185 3455 332 3530 principis
352 3455 448 3514 maior
468 3463 515 3514 est
529 3455 665 3531 fortuna,
690 3471 781 3531 quarn
797 3465 829 3518 ut
844 3457 953 3519 solatio
969 3463 1071 3532 egeat,
1094 3471 1159 3514 ma·

17 3569 19 3639 ,
83 3571 85 3578 .
