2528 3906
157 270 213 330 AD
237 267 460 332 GALLIONEM
480 268 532 330 DE
552 267 646 326 VITA
664 268 804 328 ΒΕΑΤΑ.
825 276 928 330 8-11.
974 263 1034 330 lli

60 439 153 498 quam
168 424 248 482 ultra
263 421 365 481 finem.
386 422 491 495 Itaque
507 435 600 494 erras,
623 435 692 480 enm
707 421 885 497 interrogas,
908 421 982 498 qaid
997 425 1066 493 sita

58 507 143 583 illud,
159 505 384 580 propterquod
398 504 537 564 virtutem
553 512 669 580 petam:
687 504 810 578 quaeris
825 505 905 564 enirn
920 505 1033 582 aliquid

59 606 155 663 supra
168 605 328 648 summum.
344 588 523 661 interrogas,
537 587 610 664 quid
623 593 722 660 pelam
734 603 773 646 ex
785 589 915 649 virtute?
925 588 1034 664 ipsam.

60 673 132 732 nihil
149 671 230 731 enim
246 671 337 730 habet
348 670 465 740 melius,
484 670 553 746 ipsa
567 669 696 746 pretium
714 671 772 732 sul.
791 673 841 730 An
857 671 916 732 hoc
927 689 1036 748 parum

60 771 205 830 magnum
221 761 286 828 est,
308 769 374 813 eum
390 753 441 812 tibi
457 753 571 813 dicam:
591 761 741 815 summum
755 753 869 815 bonum
884 763 931 815 est
945 757 1035 816 inira·

61 840 127 914 gilis
144 837 240 898 animi
256 838 338 912 rigor
353 845 383 897 et
397 837 587 910 providentia
608 845 638 896 et
658 836 808 898 subtilitas
821 844 851 898 et
871 839 985 898 sanitas
1007 845 1037 898 et

60 923 185 981 libertas
205 929 235 980 et
249 919 415 980 concordia
430 929 460 980 et
479 920 595 980 decor?
612 921 726 994 aliquid
747 923 918 982 etiamnunc
939 923 1035 997 exigis

62 1007 168 1077 mains,
191 1005 231 1062 ad
251 1005 334 1078 quod
355 1003 414 1062 ista
434 1003 624 1065 reserantur?
661 1003 738 1076 Quid
758 1005 829 1076 mihi
850 1009 1036 1081 voluptatem

62 1089 224 1149 nominas?
244 1087 374 1147 hominis
388 1085 502 1146 bonum
518 1103 641 1164 quaero,
658 1103 719 1146 non
736 1088 857 1162 ventris,
876 1090 928 1164 qui
943 1105 1035 1164 pecu·

62 1172 150 1232 dibus
164 1186 202 1230 ac
218 1171 316 1230 beluis
332 1170 429 1230 laxior
444 1176 500 1231 est.

119 1253 159 1315 X.
181 1253 394 1328 „Dissimulas
408 1253 513 1328 inquit,
532 1253 606 1329 quid
623 1271 642 1314 a
658 1270 707 1313 me
727 1255 854 1314 dicatur.
878 1273 935 1330 ego
957 1256 1034 1315 enim
1051 1271 1067 1322 1

64 1355 140 1413 nego
158 1353 344 1412 quemqnam
360 1352 455 1411 posse
468 1337 601 1398 iucunde
617 1337 733 1412 vivere,
755 1339 814 1398 nisi
829 1339 918 1398 simul
938 1345 968 1398 et
983 1340 1036 1397 ho-

63 1429 149 1482 neste
163 1421 248 1480 vivit.
270 1420 353 1496 quod
368 1437 429 1481 non
441 1427 543 1495 polest
559 1419 650 1482 mutis
667 1421 842 1496 contingere
857 1423 1037 1482 animalibus

61 1521 117 1564 nec
134 1505 250 1566 bonurn
265 1521 352 1564 suum
371 1504 438 1563 cibo
460 1505 662 1564 metientibus.
691 1507 781 1578 clare,
804 1505 910 1581 inquit,
933 1521 970 1566 ac
983 1522 1037 1580 pa·

60 1593 120 1648 lam
136 1593 233 1648 testor
253 1587 332 1648 hanc
354 1588 459 1660 vitam,
481 1604 572 1662 quam
596 1605 653 1662 ego
675 1590 837 1648 iucundam
860 1605 958 1664 voco,
975 1606 1035 1650 non

61 1675 128 1732 sine
144 1671 265 1731 adiecta
279 1671 387 1730 virtute
401 1671 607 1746 contingere.“
640 1674 733 1746 Atqui
755 1673 823 1747 quis
838 1671 959 1748 ignorat
973 1674 1035 1748 ple·
1050 1681 1067 1732 2

60 1755 210 1816 nissimos
225 1769 297 1815 esse
310 1753 517 1830 voluptatibus
532 1753 644 1815 vestris
661 1755 857 1816 stultissimos
874 1763 1037 1831 quosquen

60 1847 91 1900 et
105 1838 273 1914 nequitiam
293 1838 451 1898 abundare
472 1838 614 1899 iucundis
633 1839 827 1914 animumque
848 1840 949 1914 ipsum
965 1846 1038 1912 [non

59 1929 189 1995 tantum]
207 1936 322 1997 genera
337 1922 500 1997 voluptatis
516 1938 612 1996 prava
624 1923 681 1983 sibi
692 1924 786 1982 multa
801 1928 987 1997 suggereret
1008 1923 1039 1982 in

59 2007 168 2082 primis
192 2004 385 2066 insolentiam
407 2013 437 2065 et
460 2005 583 2065 nimiam
609 2006 848 2067 aestimationem
868 2007 915 2066 sui
942 2015 1039 2068 turno·

58 2105 190 2165 remque
210 2091 322 2149 elatum
343 2105 437 2164 super
456 2097 575 2150 ceteros
595 2095 625 2148 et
642 2105 774 2150 amorem
794 2105 895 2150 rerum
914 2105 1039 2153 suarum

62 2189 191 2234 caecum
207 2177 237 2232 et
251 2173 455 2247 inprovidum,
477 2171 602 2234 delicias
619 2171 742 2234 liuentis
757 2179 787 2233 et
803 2189 842 2234 ex
856 2174 986 2234 minimis
1002 2189 1039 2234 ae

60 2257 232 2334 puerilibus
250 2257 353 2316 causis
375 2256 617 2328 exsultationem,
641 2255 701 2316 iarn
723 2258 912 2318 dicacitatem
933 2274 969 2318 ac
989 2275 1039 2318 su-

60 2341 202 2416 perbiam
216 2339 407 2404 contumeliis
423 2340 614 2414 gaudentem,
630 2340 779 2401 desidiam
794 2341 1038 2404 dissolutionem·

62 2441 125 2499 que
149 2424 253 2498 segnis
278 2424 369 2484 animi
389 2423 598 2505 indormientis
627 2424 700 2484 sibi:
727 2422 804 2484 haec
824 2425 924 2485 omnia
944 2425 1070 2491 virtusa

60 2507 189 2568 discutit
207 2514 238 2567 et
254 2523 357 2567 aurem
380 2506 518 2583 pervellit
540 2513 570 2566 et
588 2507 760 2582 voluptates
782 2509 935 2578 aestimat,
957 2514 1039 2566 ante-

60 2607 156 2667 quam
172 2591 315 2666 admittat‚
336 2606 393 2650 nec
409 2591 494 2668 [qua]
509 2589 536 2650 si
557 2591 707 2664 probavit,
726 2591 828 2664 magni
847 2591 961 2666 pendit,
984 2590 1040 2649 uti·

60 2691 124 2750 que
140 2673 221 2734 enim
234 2674 369 2748 admittit,
391 2689 447 2734 nec
461 2690 521 2734 usu
535 2689 649 2747 earum,
671 2674 727 2734 sed
742 2674 941 2748 temperantia
961 2673 1041 2733 laeta

59 2767 118 2818 est.
152 2759 351 2833 temperantia
370 2764 470 2818 autern
493 2773 562 2816 cum
583 2758 756 2832 voluptates
777 2757 905 2830 minuat,
932 2757 1040 2818 summi

58 2843 136 2902 boni
151 2840 262 2901 iniuria
283 2848 339 2900 est.
379 2843 422 2900 Tu
443 2841 629 2914 voluptatem
650 2839 863 2914 conplecteris,
888 2857 946 2916 ego
968 2857 1041 2902 con·

60 2941 169 3001 pesco.
197 2933 230 3002 tu
246 2926 399 3000 voluptate
416 2923 534 2995 lrueris,
556 2939 614 2998 ego
634 2930 713 2984 utor.
737 2929 770 2983 tu
788 2923 869 2984 illam
890 2941 1041 2985 summum

58 3011 178 3069 bonum
198 3005 296 3083 putas,
312 3023 370 3082 ego
387 3024 443 3068 nec
459 3008 583 3068 bonum.
605 3016 638 3068 tu
654 3007 756 3067 omnia
766 3008 932 3084 voluptatis
947 3024 1041 3068 causa

60 3091 150 3165 lacis,
167 3107 225 3166 ego
242 3091 324 3150 nillil.

125 3177 176 3236 Xl,
199 3175 272 3236 cunr
288 3175 357 3235 dico
375 3191 423 3234 me
437 3175 510 3235 nihil
521 3175 685 3248 voluptatis
698 3191 793 3235 causa
807 3177 918 3246 iacere,
935 3177 974 3235 de
990 3176 1040 3236 illo
1056 3185 1072 3238 l

59 3263 177 3335 loquor
190 3257 339 3334 sapiente,
360 3257 410 3320 cui
425 3257 483 3318 soli
499 3258 645 3320 concedis
659 3259 854 3333 voluptatem.
884 3275 945 3319 non
962 3275 1039 3319 voco

61 3352 164 3404 autem
180 3343 359 3417 sapientem,
375 3359 470 3417 supra
491 3357 580 3417 quern
597 3341 759 3416 quicquam
779 3349 835 3415 est,
857 3343 969 3402 nedum
988 3358 1041 3400 vo-

60 3429 180 3503 luptas:
203 3425 287 3502 atqui
303 3427 342 3486 ab
356 3426 413 3486 hac
434 3433 602 3501 occupatus
624 3427 779 3500 quomodo
800 3425 925 3484 resistet
943 3423 1040 3482 labori
1105 3441 1107 3444 ·

60 3518 92 3571 et
102 3500 254 3587 periculo,
271 3510 398 3585 egestati
409 3517 440 3570 et
451 3516 494 3568 tot
505 3509 667 3568 humanam
680 3508 772 3569 vitam
787 3508 1040 3622 circumstrepen·
1125 3520 1129 3526 ·

829 3599 858 3650 [0
