2528 3906
202 247 265 314 llo
381 251 415 309 L.
436 251 584 312 ANNAEI
606 249 781 312 SENECAE
807 253 910 312 DIAL.
931 253 997 314 vll.

203 405 333 464 neculla
359 403 387 464 in
414 403 545 464 decretis
567 405 633 464 eius
655 403 744 464 litura
765 404 813 464 sit.
842 401 1039 479 intellegitur,
1065 405 1186 468 etiamsi

204 505 265 548 non
287 487 444 558 adiecero,
470 488 662 562 conpositum
686 487 920 564 ordinatumque
941 489 1007 549 lore
1027 491 1120 550 talem
1140 491 1186 549 vi-

167 573 270 632 trum
286 571 358 632 etin
377 569 415 630 iis
432 585 512 648 quae
532 579 610 646 aget,
631 587 698 630 cum
721 572 861 638 comitate
883 571 1087 647 magnificum.
1123 574 1186 633 Erit

203 671 277 714 vera
304 653 381 714 ratio
411 654 553 714 sensibus
582 654 672 714 insita
701 660 732 714 et
765 655 891 730 capiens
920 655 992 714 inda
1020 657 1184 732 principia:

204 754 261 798 nec
286 738 366 798 enim
386 737 478 798 habet
498 738 595 811 aliud,
620 739 701 798 unde
725 745 852 798 conetur
879 743 931 798 aut
955 739 1038 798 unde
1064 741 1104 800 ad
1133 756 1185 800 ve·

203 837 269 882 rum
296 820 431 896 inpetum
458 822 573 896 capiat:
607 824 637 881 in
664 838 699 882 se
726 829 903 884 revertatur.
952 838 1022 882 nam
1051 825 1183 884 muudus

205 919 330 979 quoque
351 911 460 965 cuncta
480 907 677 980 conplectens
705 913 869 980 rectorque
888 905 1023 966 universi
1048 907 1126 968 daus
1154 909 1183 966 in

205 988 356 1049 exteriora
382 989 504 1062 quidem
529 990 639 1062 tendit,
664 990 721 1050 sed
745 997 845 1050 tamen
874 990 904 1049 in
930 996 1025 1050 toturn
1047 990 1185 1065 undique

203 1071 234 1130 in
257 1087 292 1131 se
310 1071 404 1132 redit:
432 1073 513 1132 idem
532 1081 638 1133 nostra
657 1089 744 1132 mens
768 1074 873 1133 iaciat:
895 1089 963 1133 cum
986 1081 1093 1133 secuta
1113 1089 1183 1132 sen-

204 1172 259 1215 sus
273 1171 348 1216 suos
364 1172 418 1230 per
440 1157 508 1216 illos
524 1171 558 1216 se
573 1157 612 1216 ad
628 1164 755 1216 externa
769 1157 946 1230 porrexerit,
968 1157 1132 1217 stillarum
1155 1165 1185 1218 et

172 1229 384 1315 ssut‘potens
407 1241 454 1300 sit.
499 1241 565 1300 Hoc
591 1242 683 1300 modo
713 1256 775 1300 una
792 1239 941 1301 efficietur
962 1239 1009 1300 uis
1032 1257 1069 1302 ac
1096 1249 1183 1315 potc-

204 1333 268 1384 stas
285 1339 416 1384 concors
429 1323 487 1384 sibi
503 1331 533 1384 et
547 1325 690 1385 ratio-illa
702 1331 784 1384 certa
796 1331 940 1385 nascetur
951 1341 1013 1384 non
1025 1324 1183 1386 dissidens

203 1407 261 1468 nec
276 1407 431 1468 haesitans
449 1408 479 1468 in
501 1407 696 1483 opinionibus
720 1406 1103 1483 conprehensionibusque
1123 1425 1183 1469 nec

201 1490 233 1552 in
249 1493 465 1566 persuasione,
487 1506 566 1565 quae
589 1507 658 1552 cum
677 1508 712 1552 se
734 1489 887 1567 disposuit
906 1499 937 1554 et
956 1492 1094 1567 partibus
1117 1493 1183 1552 suis

204 1575 362 1636 consensit
376 1581 414 1647 et,
433 1582 465 1634 ut
478 1573 520 1635 ita
534 1575 642 1649 dicam,
658 1575 821 1647 concinuit,
843 1591 993 1636 summurn
1008 1575 1123 1636 bonum
1139 1583 1183 1635 tc-

202 1659 276 1732 tigit.
299 1658 372 1717 nihil
387 1659 466 1718 enim
482 1658 578 1732 pravi,
601 1659 673 1718 nihil
688 1659 795 1720 lubrici
811 1665 962 1734 superest
983 1657 1055 1718 nihil
1070 1659 1101 1718 in
1118 1675 1182 1732 quo

170 1741 309 1801 darietet
328 1749 380 1802 aut
397 1741 486 1802 labet.
524 1743 625 1801 omnia
647 1743 737 1802 iaciat
756 1759 796 1804 ex
816 1741 945 1818 imperio
967 1757 1025 1804 suo
1045 1741 1184 1816 nihilque

202 1825 390 1900 inopinatum
406 1825 532 1898 accidet,
549 1825 605 1886 sed
622 1826 768 1902 quicquid
783 1833 898 1902 agetur,
914 1827 944 1884 in
959 1825 1074 1887 bonum
1089 1827 1185 1886 exibit

203 1910 292 1969 iacile
307 1917 337 1969 et
359 1916 462 1983 parate
477 1917 507 1968 et
528 1908 595 1969 sine
618 1911 867 1984 tergiversatione
889 1910 1016 1984 agentis.
1045 1925 1115 1969 nam
1137 1910 1184 1984 pi-

202 1993 291 2067 gritia
319 2000 349 2052 et
378 1993 537 2052 haesitatio
567 2008 700 2066 pugnam
725 2000 756 2053 et
780 1993 1012 2054 inconstantiam
1038 1993 1183 2053 ostendit.

204 2076 303 2150 Quare
328 2077 483 2135 audaciter
508 2075 578 2135 licet
601 2076 773 2150 profitearis
795 2093 945 2137 summum
970 2077 1084 2137 bonum
1109 2092 1184 2136 esse

203 2159 294 2218 animi
316 2159 520 2218 concordiam.
548 2159 674 2219 virtutes
699 2161 778 2220 enirn
798 2161 924 2221 ibiesse
944 2159 1108 2234 debebunt,
1130 2160 1183 2219 uhi

205 2257 376 2302 consensus
391 2248 483 2314 atque
497 2243 597 2302 unitas
610 2244 679 2303 erit:
703 2243 854 2304 dissident
868 2243 949 2304 vitia.

172 2335 189 2388 l
267 2324 317 2384 lX.
339 2324 422 2398 „Sed
438 2331 469 2386 tu
484 2341 616 2401 quoque,
631 2327 737 2401 inquit,
753 2327 965 2388 virtutemnon
978 2327 1018 2386 ob
1031 2327 1114 2386 aliud
1129 2343 1183 2387 co·

98 2418 100 2422 ·
202 2409 251 2482 lis,
267 2424 358 2484 quarn
373 2408 446 2482 quia
466 2409 598 2484 aliquam
614 2426 652 2470 ex
673 2411 724 2470 illa
744 2427 853 2487 speras
874 2412 1092 2485 voluptatem.“
1117 2410 1182 2469 Pri-

203 2509 284 2552 mum
306 2509 387 2566 non,
405 2494 437 2552 si
453 2495 690 2568 voluptatem
707 2493 1098 2570 praestaturavirtus
1113 2503 1182 2566 est,

203 2575 291 2636 ideo
308 2585 472 2651 propter
486 2577 583 2638 hanc
599 2577 753 2652 petitur.
775 2595 837 2639 non
852 2577 1021 2638 enimhanc
1034 2585 1183 2652 praestat,

204 2661 260 2720 sed
274 2668 304 2721 et
325 2661 412 2731 hanc,
441 2675 497 2720 nec
518 2661 588 2722 huic
609 2661 741 2735 laborat,
763 2663 820 2721 scd
840 2661 927 2722 labor
941 2661 1018 2735 eius,
1040 2661 1185 2736 quamvis

170 2744 287 2804 aaliud
302 2751 393 2818 petat,
409 2744 469 2804 hoc
485 2761 609 2819 quoque
628 2745 824 2820 adsequetur.
849 2744 934 2806 Sicut
948 2745 978 2804 in
992 2759 1078 2816 arvo,
1095 2746 1184 2820 quod
1252 2763 1253 2818 ς

204 2825 301 2900 segeti
322 2827 509 2901 proscissum
532 2837 593 2902 est,
615 2828 709 2902 aliqui
726 2827 821 2890 llores
841 2829 1096 2901 internascuntur,
1119 2843 1183 2888 non

203 2915 303 2969 tamen
311 2909 381 2970 huic
388 2911 542 2985 herbulae,
559 2911 699 2987 quamvis
710 2913 841 2973 delectet
852 2913 969 2985 aculae,
982 2917 1095 2972 tantum
1106 2927 1183 2986 ope·

202 2993 245 3052 ris
260 2991 447 3070 insumptum
462 3002 517 3056 est.
540 2995 623 3056 aliud
638 2995 692 3056 luit
703 2997 817 3056 serenti
831 2995 1035 3072 propositum,
1052 2995 1113 3056 hoc
1129 3012 1184 3056 su·
1252 2995 1253 3062 3

202 3077 356 3151 pervenit:
379 3077 424 3138 sic
438 3087 467 3139 et
478 3079 621 3154 voluptas
637 3095 698 3140 non
712 3087 760 3140 est
771 3095 889 3140 merces
904 3095 961 3140 nec
976 3094 1073 3140 causa
1087 3080 1183 3140 virtu·
1252 3081 1253 3146 ζ

202 3159 250 3233 tis,
270 3160 327 3220 sed
342 3161 492 3235 accessio,
513 3179 570 3222 nec
587 3163 659 3236 quia
673 3165 812 3238 delectat,
827 3165 936 3238 placet,
958 3164 1015 3224 sed
1027 3162 1054 3222 si
1068 3165 1184 3242 placet,

168 3248 189 3304 3
205 3250 235 3302 et
246 3244 385 3306 delectat.
408 3243 565 3306 Summum
579 3247 693 3306 bonum
707 3247 737 3307 in
755 3245 825 3321 ipso
840 3247 953 3308 iudicio
968 3254 1018 3307 est
1029 3252 1061 3304 et
1074 3243 1185 3308 habitu

204 3327 336 3400 optimae
350 3329 468 3402 mentis,
484 3345 563 3402 quae
579 3345 646 3390 cunr
659 3346 748 3390 suum
762 3331 889 3406 inplevit
902 3336 932 3390 et
942 3330 1054 3390 linibus
1067 3344 1103 3389 se
1114 3330 1185 3390 suis

108 3423 110 3427 ’
204 3409 306 3482 cinxit,
325 3420 570 3484 ¹consummatum
585 3420 632 3472 est
646 3429 796 3473 summurn
812 3414 926 3474 bonum
940 3429 997 3474 nec
1013 3413 1186 3490 quicquam

201 3493 334 3570 amplius
349 3493 512 3554 desiderat.
533 3495 605 3554 nihil
620 3497 699 3556 enim
715 3502 801 3557 extra
815 3503 908 3558 totum
924 3503 980 3570 ost,
1000 3511 1063 3556 non
1077 3497 1182 3570 uragis
1252 3513 1253 3546 r
