2546 3890
193 217 258 280 296
486 216 519 276 L.
539 215 684 276 ANNAEI
706 215 880 277 SENECAE

195 387 267 430 num
280 371 373 440 levat,
392 375 422 428 et
436 369 600 441 severitas,
617 370 700 443 quod
712 367 875 430 maximum
888 365 1054 428 remedium
1067 367 1177 445 habet,

158 453 377 514 dadsiduitate
400 452 505 512 amittit
524 451 741 512 auctoritatem.
778 451 938 512 Constituit
952 452 1051 512 bonos
1066 469 1177 514 mores

195 535 309 598 civitati
329 534 472 612 princeps
487 544 516 596 et
532 533 603 595 vitia
617 535 684 597 eius
700 536 818 596 facilius
833 535 983 612 reprimit,
1008 536 1033 596 si
1049 537 1177 611 patiens

195 637 300 681 eornm
321 627 382 692 est,
403 635 464 680 non
485 627 637 694 tamquam
660 621 785 696 probet,
808 619 863 679 sed
886 627 1039 694 tamquam
1054 619 1176 680 invitus

195 711 309 764 etcum
324 719 434 778 magno
446 709 595 764 tormento
607 704 645 762 cd
660 703 870 778 castigandum
885 701 999 763 veniat:
1019 719 1171 764 verecun-

195 788 276 847 diam
290 787 438 862 peccandi
450 787 521 845 iacit
533 786 600 860 ipsa
608 788 767 848 clementia
778 787 922 860 regentis.
944 784 1175 861 graviormulio

195 886 297 946 poena
313 871 444 941 videtur,
468 885 547 944 quae
563 871 656 930 amiti
671 871 735 932 viro
752 871 950 932 constituitur.

162 1005 179 1056 t
255 995 361 1054 xxttt.
395 994 555 1054 Praeterea
571 995 699 1055 ,videbis
715 1012 762 1055 ea
785 1011 881 1070 saepe
901 993 1061 1070 committi,
1088 1011 1176 1071 quae.

195 1093 290 1153 saepe
305 1077 505 1138 vindicantur.
533 1077 621 1138 Pater
635 1087 705 1139 tuus
720 1081 823 1154 piures
838 1078 915 1140 intra
928 1079 1177 1156 quinquennium

195 1164 282 1225 cuteo
304 1163 412 1234 insuit,
436 1178 526 1236 quam
548 1163 688 1222 omnibus
710 1163 823 1224 secutis
843 1163 962 1224 insutos
983 1165 1174 1238 accepimus.

195 1247 288 1306 mutto
315 1247 413 1304 minus
440 1245 594 1306 audebant
618 1246 704 1306 liberi
729 1249 816 1308 nefas
841 1245 977 1308 ultimum
1001 1247 1174 1318 admittere,

195 1330 339 1404 quamdiu
361 1329 427 1388 sine
448 1331 516 1404 lege
538 1330 649 1388 crimen
671 1331 734 1390 iuit.
763 1347 882 1392 summa
902 1333 982 1391 enim
1007 1331 1173 1406 prudentia

194 1414 332 1474 altissimi
348 1413 403 1472 viri
419 1421 449 1473 et
462 1429 563 1474 rerum
579 1422 704 1474 naturae
721 1415 894 1490 peritissimi
906 1416 1074 1475 maluerant
1086 1417 1174 1474 reiut

194 1497 371 1558 incredibile
391 1499 493 1557 scelus
515 1505 545 1556 et
563 1497 642 1557 ultra
661 1499 820 1558 audaciam
843 1499 977 1574 positum
1001 1498 1173 1573 praeterire

160 1591 300 1656 aquam,
324 1582 395 1642 dum
411 1580 578 1653 vindicant,
601 1583 765 1641 ostendere
780 1598 874 1657 posse
887 1581 961 1642 tert.
983 1581 1085 1656 itaque
1098 1598 1170 1656 par·

192 1665 307 1725 ricidae
328 1679 347 1722 a
368 1664 436 1738 lege
459 1671 627 1739 coeperunt
642 1671 672 1724 et
691 1665 750 1725 iltis
766 1666 884 1726 facinus
900 1681 1001 1742 poena
1017 1673 1168 1726 monstra-

192 1749 243 1806 vit.
270 1747 406 1822 pessimo
422 1763 496 1808 vero
511 1749 580 1809 loco
596 1749 693 1822 pietas
708 1749 778 1824 tuit,
795 1756 958 1826 postquam
974 1750 1099 1824 saeptus
1115 1765 1170 1808 cu·

193 1833 258 1890 teos
275 1830 404 1892 vidimus
420 1847 511 1905 quam
531 1847 649 1892 cruces.
681 1833 714 1891 In
732 1850 792 1907 qua
807 1833 927 1893 civitate
941 1849 1011 1894 raro
1025 1833 1171 1894 homines
1260 1903 1261 1912 ἵ

194 1913 373 1990 puniuntur,
397 1917 427 1975 in
449 1931 486 1975 ea
506 1931 677 1976 consensus
697 1916 731 1976 iit
744 1916 935 1977 innocentiae
950 1925 980 1977 et
993 1916 1172 1991 indutgetur
1260 1931 1261 1994 ι

193 1999 277 2059 velut
297 2000 420 2073 publico
441 1999 533 2060 bono.
565 2005 651 2073 putet
675 2016 710 2060 se
731 1999 923 2061 innocentem
945 2016 1016 2062 esse
1042 2001 1169 2060 civitas=

193 2081 258 2142 erit.
280 2083 377 2157 magis
389 2083 726 2148 irasceturacommuoi
736 2083 1171 2158 frugalitatedesciscentibus

193 2166 219 2224 si
236 2181 353 2239 paucos
369 2181 424 2225 eos
439 2181 511 2226 esse
526 2167 643 2226 viderit.
679 2166 886 2228 Periculosum
902 2174 958 2243 est,
979 2166 1170 2240 mihicrede,

193 2248 357 2308 ostendere
373 2248 498 2322 civitati,
520 2257 633 2324 quanto
648 2251 752 2325 plures
768 2250 839 2310 niati
855 2251 923 2312 sint.

160 2385 176 2436 1
253 2373 359 2433 XXIV.
380 2374 467 2435 Dicta
478 2381 525 2434 est
536 2374 701 2450 aliquando
714 2391 733 2434 a
748 2384 856 2436 senatu
868 2377 1033 2436 sententiar
1055 2383 1165 2437 utser-

191 2472 249 2517 vos
264 2473 283 2517 a
296 2456 400 2518 liberis
417 2459 515 2518 cuitus
531 2458 739 2534 distingueret.
769 2459 880 2519 deinde
894 2461 1050 2535 adparuit,
1067 2475 1167 2534 quan·

191 2548 254 2601 tum
277 2542 443 2616 periculum
465 2542 637 2618 inmineret,
668 2541 700 2602 si
715 2541 796 2603 servi
818 2544 913 2604 nostri
929 2559 1089 2604 numerare
1105 2560 1168 2604 nos

192 2625 383 2700 coepissent:
412 2626 492 2686 idem
514 2624 591 2686 scito
613 2627 807 2687 metuendum
829 2642 914 2700 esse,
943 2627 970 2686 si
990 2627 1063 2687 nulii
1078 2628 1164 2701 igno·

192 2707 294 2770 scitur.
318 2709 377 2769 cito
390 2709 562 2784 adpareat,
580 2725 651 2784 pars
664 2710 791 2770 civitatis
804 2710 937 2771 deterior
948 2718 1062 2786 quanto
1076 2727 1165 2785 prae·

190 2799 305 2866 gravet.
341 2792 408 2853 Non
428 2793 527 2852 minus
547 2795 675 2869 principi
697 2794 798 2868 turpia
820 2800 892 2856 sunt
906 2795 999 2855 nauita
1011 2791 1166 2869 supplicia

192 2892 283 2948 quam
305 2875 425 2938 medico
446 2879 538 2936 muita
559 2879 674 2938 funera.
705 2877 864 2939 remissius
879 2878 1039 2952 imperanti
1054 2877 1166 2937 melius

156 2971 177 3024 2
192 2966 323 3034 paretur.
354 2959 467 3020 Natura
482 2967 644 3040 contumax
656 2969 703 3022 est
714 2961 865 3022 humanus
876 2962 994 3022 animus
1007 2969 1036 3020 et
1047 2961 1075 3020 in
1089 2977 1162 3022 con·
1260 3009 1261 3024 .

191 3043 315 3102 trarium
336 3049 427 3118 atque
449 3044 578 3104 arduum
599 3045 698 3105 nitens
719 3047 917 3121 sequiturque
935 3045 1054 3104 iaciiius
1071 3061 1166 3119 quam

191 3125 319 3186 ducitur.
352 3134 382 3186 et
402 3129 596 3203 ut'generosi
617 3135 710 3204 atquc
730 3129 849 3189 nobiles
865 3127 937 3204 equi
957 3128 1066 3188 metius
1082 3129 1164 3188 iaciii

190 3209 276 3268 irene
296 3217 456 3285 reguntur,
478 3211 518 3272 ita
540 3211 727 3272 clementiam
741 3212 912 3273 voluntaria
929 3210 1102 3274 innocentia
1118 3212 1163 3271 in·
1260 3275 1261 3300 χ

191 3301 263 3367 petu
284 3309 341 3353 suo
366 3294 503 3370 sequitur
522 3301 552 3354 et
572 3294 692 3370 dignam
708 3303 794 3370 putat
809 3296 930 3366 civitas,
953 3311 1045 3371 quam
1060 3302 1165 3354 servet
1260 3305 1261 3348 3

156 3375 257 3436 asibi.
293 3375 364 3437 Plus
385 3379 487 3452 itaque
510 3378 568 3439 hac
589 3379 639 3439 via
661 3379 826 3454 proficitur.
854 3379 1018 3441 crudelitas
1039 3378 1164 3437 minime
1260 3451 1261 3456 ἵ

189 3459 353 3520 humanum
368 3461 478 3521 matum
493 3469 540 3523 est
553 3461 770 3540 indignumque
784 3471 844 3526 tam
856 3463 918 3524 miti
931 3462 1042 3524 animo.
1064 3461 1166 3522 serina
1260 3507 1261 3546 3
