2554 3888
345 185 398 244 en
411 183 632 244 ennvrrarn
647 185 776 244 virae,
791 193 855 247 ae.
1029 177 1121 248 ιιι

111 335 269 412 inspicere
288 339 319 394 te
339 350 499 409 umquam,
521 349 583 394 non
599 333 706 394 audire
723 333 865 410 dignatus
880 353 925 396 es.
959 337 1027 397 Non
1043 345 1091 398 est

113 421 234 496 itaque,
257 416 364 494 quod
357 425 416 478 ista
430 415 532 478 officia
548 416 691 493 cuiquam
706 419 842 494 lupulae,
865 419 1010 496 quoniam
1025 421 1090 495 qui-

114 505 201 576 dem,
223 519 292 564 curn
306 501 358 562 illa
372 503 505 574 laceres,
520 503 1019 578 nonessecumaliquovolebas,
1035 505 1092 564 sed

115 597 216 650 tecum
229 602 303 646 esse
318 603 379 646 nou
396 594 530 661 poteras.

151 671 230 730 lll.
254 668 458 745 Omnialicet,
481 686 561 744 quae
578 686 722 745 uniquam
736 669 859 745 ingenia
873 671 1039 746 fulserunt,
1062 673 1119 732 inl

115 756 176 816 hoe
189 769 288 820 unum
298 754 503 828 consentiant,
526 769 693 830 numquam
709 755 783 816 satis
798 754 878 815 hanc
892 718 1092 816 humanarum

115 839 262 900 mentium
283 837 442 913 caliginem
464 837 663 900 mirabuntur=
687 838 814 914 praedia
835 854 892 900 sua
912 840 1093 915 occuparia

115 925 200 985 nullo
211 921 367 997 patiuntur
378 929 420 996 et,
436 922 463 982 si
475 923 585 997 exigua
597 923 751 986 contentio
764 929 812 985 eet
822 924 863 984 de
873 923 965 984 modo
977 924 1091 998 finium,

114 1007 155 1068 ad
175 1006 296 1081 lapides
318 1013 347 1066 et
369 1023 453 1066 erma
473 1006 662 1068 discurrunt=
685 1007 715 1068 in
735 1005 828 1066 vitam
848 1023 935 1068 suern
948 1009 1091 1068 incedere

115 1091 194 1150 alios
218 1089 335 1162 sinunt,
358 1090 449 1152 immo
470 1105 545 1152 vero
562 1091 623 1166 ipsi
638 1091 728 1152 etiarn
743 1106 946 1167 possessores
961 1091 1028 1151 eius
1045 1091 1091 1151 lu·

115 1182 207 1236 turos
218 1174 374 1236 inducunt.
405 1189 496 1236 nemo
512 1175 677 1248 invenitur,
701 1175 755 1250 qui
769 1176 930 1249 pecuniam
944 1191 1031 1234 suam
1047 1175 1088 1234 di·

114 1258 222 1318 videre
244 1259 331 1320 velia
355 1258 446 1320 uitam
461 1259 677 1334 unusquisque
691 1276 784 1335 quam
804 1259 904 1322 multis
920 1257 1093 1319 distribuite

113 1341 253 1404 adstricti
265 1342 376 1404 suntin
386 1343 570 1404 continendo
582 1343 779 1420 patrimonio:
794 1343 883 1404 simul
894 1342 934 1402 ad
946 1343 1092 1403 iacturam

113 1427 262 1500 temporis
280 1433 402 1490 ventum
418 1433 480 1497 est,
504 1425 711 1500 prolusissimi
721 1428 752 1486 in
764 1442 817 1498 eo,
834 1424 921 1488 euius
932 1426 1024 1486 unius
1036 1425 1090 1486 ho·

114 1517 205 1570 nesta
219 1509 347 1570 avaritia
358 1517 413 1570 est.
434 1508 523 1570 Libet
532 1511 636 1586 itaque
647 1527 686 1570 ex
695 1510 852 1572 seniorum
863 1509 952 1570 turba
963 1519 1119 1584 coepte-2

113 1593 253 1653 hendere
273 1592 419 1668 aliquerm
441 1595 644 1669 „pervenisse
664 1601 694 1654 te
708 1595 747 1653 ed
763 1594 900 1654 ultimum
914 1594 1022 1654 aetatis
1036 1593 1090 1654 hu·

113 1691 223 1736 manae
232 1676 381 1738 videmus.
404 1679 588 1740 centesimus
600 1678 653 1738 tihi
661 1677 710 1737 vel
719 1693 814 1752 supra
822 1677 1091 1752 prerniturannus=
1141 1706 1146 1719 ·

112 1760 262 1834 agedum,
280 1760 330 1820 -ad
353 1761 599 1835 conputationem
620 1769 747 1824 aetatem
769 1769 850 1821 tuam
876 1776 1000 1822 revoca.
1032 1763 1091 1835 dic,

115 1851 263 1919 quantum
278 1859 318 1904 ex
333 1844 392 1906 isto
403 1852 541 1918 tempore
553 1843 694 1918 creditor,
711 1853 854 1920 quantuni
867 1845 980 1917 amica,
997 1862 1091 1918 quan-

103 1936 177 2002 tum
198 1943 269 2003 rex,
293 1935 437 2008 quantum
453 1929 549 1988 cliens
563 1927 729 1990 abstulerit.
758 1935 905 2004 quantum
919 1927 957 1988 lis
972 1929 1090 2000 uxoria,

114 2019 261 2086 quantum
273 2027 432 2074 servorum
445 2013 598 2085 coercitio,
612 2019 757 2088 quantum
766 2013 906 2074 officiosa
918 2027 974 2087 per
985 2013 1092 2073 urbem

117 2096 313 2158 discursatio.
347 2097 434 2156 adice
445 2097 588 2177 morbos,
616 2113 695 2174 quos
718 2113 810 2158 manu
832 2098 970 2158 fecimus.
1004 2096 1092 2157 adice

114 2180 201 2255 quod
222 2188 253 2240 et
273 2181 340 2240 sine
361 2197 421 2242 usu
437 2181 542 2242 inculte
566 2181 685 2242 videbis
700 2189 730 2244 le
747 2182 908 2256 pauciores
925 2197 1022 2242 annos
1037 2179 1091 2240 ha-

114 2265 190 2324 bere
211 2281 302 2338 quam
325 2281 476 2327 numeras.
517 2266 634 2341 Repete
655 2265 936 2339 memoriensem,
966 2264 1119 2341 quandod

114 2355 218 2408 certus
241 2349 491 2422 consiliatoris,
522 2356 635 2424 quotus
659 2349 791 2426 quisque
812 2351 878 2410 dies
904 2358 938 2410 ut
957 2350 1091 2410 destina-

115 2447 207 2492 veras
226 2433 405 2507 recesserit,
425 2431 551 2508 quando
573 2433 624 2494 tibi
646 2450 722 2494 usus
736 2433 778 2494 tui
795 2434 898 2506 luerit,
922 2434 1046 2507 quando
1062 2432 1092 2490 in

115 2522 197 2580 statu
210 2531 268 2576 suo
283 2517 403 2590 voltus,
423 2518 547 2592 quando
563 2517 682 2577 animus
695 2518 882 2591 intrepidus,
906 2516 980 2590 quid
994 2515 1046 2576 tibi
1062 2515 1092 2574 in

115 2607 177 2658 tarn
197 2599 291 2674 lango
313 2617 392 2662 nevo
414 2601 485 2664 lacti
501 2601 604 2675 operis
620 2601 673 2672 sit,
699 2617 790 2676 quarn
805 2597 889 2660 multi
903 2601 996 2660 vitam
1010 2607 1092 2658 tuam

116 2682 299 2756 diripuerint
311 2693 342 2746 te
356 2701 419 2744 non
433 2685 597 2758 sentiente,
613 2684 686 2758 quid
699 2685 865 2760 perderes,
882 2693 1028 2757 quantum
1041 2699 1092 2742 va-

116 2783 175 2826 nos
199 2767 302 2841 dolor,
325 2771 418 2829 stulta
437 2769 564 2840 laetitia,
588 2767 678 2828 auida
703 2767 869 2843 cupiditas,
890 2765 1003 2826 blanda
1019 2783 1091 2826 con-

117 2851 250 2914 versatio
265 2853 437 2927 abstulerit,
454 2869 544 2928 quam
556 2852 700 2926 exiguum
713 2852 765 2912 tibi
778 2851 817 2910 de
829 2859 880 2912 tuo
892 2851 1028 2910 relictum
1039 2851 1091 2910 sit:

119 2932 275 3010 intelleges
302 2943 331 2996 te
357 2938 536 2996 inmaturum
562 2937 670 2998 mori.“
717 2936 812 3010 Quid
842 2950 933 3008 ergo
965 2942 1025 2994 est
1055 2934 1121 3002 in4

119 3027 262 3080 causat
282 3017 970 3096 tamquannsempervieturtvivitis.
1008 3034 1092 3078 num-

120 3117 210 3175 quam
233 3104 321 3166 vohis
343 3105 490 3180 fragilitas
515 3111 616 3164 vestra
638 3103 796 3165 succurrit.
833 3119 895 3162 non
910 3101 1091 3176 observatio,

120 3194 264 3258 quantum
278 3187 338 3248 iam
353 3189 499 3264 temporis
515 3189 676 3248 transierit.
701 3189 783 3248 velut
797 3203 836 3246 ex
851 3189 942 3260 pleno
955 3193 985 3246 et
996 3187 1090 3247 abun-

119 3267 200 3330 danti
224 3271 366 3346 perditis,
393 3289 461 3332 cum
484 3271 601 3332 interint
625 3275 757 3332 sortasse
779 3273 829 3331 ille
848 3271 916 3344 ipse
934 3271 985 3344 qui
1002 3269 1091 3330 alicui

120 3352 168 3412 vel
190 3351 303 3416 homini
322 3358 371 3416 vel
389 3356 433 3416 rei
449 3358 579 3416 donatur
594 3355 660 3415 dies
675 3355 798 3416 ultimus
819 3355 867 3414 sit.
896 3353 1002 3414 Omnia
1017 3360 1090 3412 tam·

119 3453 214 3512 quam
225 3439 370 3499 mortales
386 3441 511 3514 timetis,
538 3441 640 3500 ornnia
655 3447 808 3514 tamqnam
826 3437 1001 3498 inmortales
1018 3449 1090 3492 con-
