<?xml version="1.0" encoding="UTF-8"?>
<!DOCTYPE html PUBLIC "-//W3C//DTD XHTML 1.0 Transitional//EN"
    "http://www.w3.org/TR/xhtml1/DTD/xhtml1-transitional.dtd">
<html xmlns="http://www.w3.org/1999/xhtml" xml:lang="en" lang="en">
 <head>
  <title>
</title>
<meta http-equiv="Content-Type" content="text/html;charset=utf-8" />
  <meta name='ocr-system' content='tesseract 3.04.00' />
  <meta name='ocr-capabilities' content='ocr_page ocr_carea ocr_par ocr_line ocrx_word'/>
</head>
<body>
  <div class='ocr_page' id='page_1' title='image "./operaquaesupers00senegoog_0315.png"; bbox 0 0 2546 3890; ppageno 0'>
   <div class='ocr_carea' id='block_1_1' title="bbox 163 186 898 274">
    <p class='ocr_par' dir='ltr' id='par_1_1' title="bbox 163 186 898 274">
     <span class='ocr_line' id='line_1_1' title="bbox 163 186 898 274; baseline -0.014 0"><span class='ocrx_word' id='word_1_1' title='bbox 163 241 167 248; x_wconf 91' lang='lat'>·</span> <span class='ocrx_word' id='word_1_2' title='bbox 216 207 279 274; x_wconf 79' lang='lat' dir='ltr'><strong>soa</strong></span> <span class='ocrx_word' id='word_1_3' title='bbox 499 207 534 265; x_wconf 80' lang='lat' dir='ltr'><strong>n.</strong></span> <span class='ocrx_word' id='word_1_4' title='bbox 555 204 702 266; x_wconf 79' lang='lat' dir='ltr'><strong>anunm</strong></span> <span class='ocrx_word' id='word_1_5' title='bbox 723 186 898 265; x_wconf 71' lang='lat' dir='ltr'><strong>sannone</strong></span> 
     </span>
    </p>
   </div>
   <div class='ocr_carea' id='block_1_2' title="bbox 141 357 1255 3532">
    <p class='ocr_par' dir='ltr' id='par_1_2' title="bbox 190 357 1253 1857">
     <span class='ocr_line' id='line_1_2' title="bbox 218 357 1187 434; baseline -0.006 -10"><span class='ocrx_word' id='word_1_6' title='bbox 218 361 391 424; x_wconf 86' lang='lat' dir='ltr'><strong>Stoicorum</strong></span> <span class='ocrx_word' id='word_1_7' title='bbox 404 367 558 434; x_wconf 86' lang='lat' dir='ltr'><strong>tamqnam</strong></span> <span class='ocrx_word' id='word_1_8' title='bbox 580 357 669 419; x_wconf 92' lang='lat' dir='ltr'><strong>nimis</strong></span> <span class='ocrx_word' id='word_1_9' title='bbox 690 358 797 418; x_wconf 89' lang='lat' dir='ltr'><strong>duram</strong></span> <span class='ocrx_word' id='word_1_10' title='bbox 817 365 847 418; x_wconf 89' lang='lat' dir='ltr'><strong>et</strong></span> <span class='ocrx_word' id='word_1_11' title='bbox 860 358 981 418; x_wconf 89' lang='lat' dir='ltr'><strong>minime</strong></span> <span class='ocrx_word' id='word_1_12' title='bbox 999 359 1187 434; x_wconf 90' lang='lat' dir='ltr'><strong>principibus</strong></span> 
     </span>
     <span class='ocr_line' id='line_1_3' title="bbox 216 439 1188 522; baseline -0.008 -14"><span class='ocrx_word' id='word_1_13' title='bbox 216 444 405 522; x_wconf 78' lang='lat' dir='ltr'><strong>regibusque</strong></span> <span class='ocrx_word' id='word_1_14' title='bbox 418 443 532 503; x_wconf 88' lang='lat' dir='ltr'><strong>bonurn</strong></span> <span class='ocrx_word' id='word_1_15' title='bbox 546 442 685 502; x_wconf 90' lang='lat' dir='ltr'><strong>daturam</strong></span> <span class='ocrx_word' id='word_1_16' title='bbox 699 439 868 502; x_wconf 88' lang='lat' dir='ltr'><strong>consilium.</strong></span> <span class='ocrx_word' id='word_1_17' title='bbox 905 442 1033 504; x_wconf 90' lang='lat' dir='ltr'><strong>obicitur</strong></span> <span class='ocrx_word' id='word_1_18' title='bbox 1053 444 1133 503; x_wconf 88' lang='lat' dir='ltr'><strong>enim</strong></span> <span class='ocrx_word' id='word_1_19' title='bbox 1149 445 1188 502; x_wconf 90' lang='lat' dir='ltr'><strong>ilh</strong></span> 
     </span>
     <span class='ocr_line' id='line_1_4' title="bbox 219 526 1188 606; baseline -0.005 -16"><span class='ocrx_word' id='word_1_20' title='bbox 219 529 304 606; x_wconf 91' lang='lat' dir='ltr'><strong>quod</strong></span> <span class='ocrx_word' id='word_1_21' title='bbox 319 528 489 603; x_wconf 80' lang='lat' dir='ltr'><strong>sapientem</strong></span> <span class='ocrx_word' id='word_1_22' title='bbox 503 534 595 601; x_wconf 83' lang='lat' dir='ltr'><strong>negat</strong></span> <span class='ocrx_word' id='word_1_23' title='bbox 615 526 767 598; x_wconf 90' lang='lat' dir='ltr'><strong>misereri,</strong></span> <span class='ocrx_word' id='word_1_24' title='bbox 789 534 881 600; x_wconf 85' lang='lat' dir='ltr'><strong>negat</strong></span> <span class='ocrx_word' id='word_1_25' title='bbox 898 526 1069 600; x_wconf 79' lang='lat' dir='ltr'><strong>ignoscere.</strong></span> <span class='ocrx_word' id='word_1_26' title='bbox 1105 527 1188 586; x_wconf 90' lang='lat' dir='ltr'><strong>Haec</strong></span> 
     </span>
     <span class='ocr_line' id='line_1_5' title="bbox 219 609 1189 688; baseline -0.007 -14"><span class='ocrx_word' id='word_1_27' title='bbox 219 615 246 675; x_wconf 92' lang='lat' dir='ltr'><strong>si</strong></span> <span class='ocrx_word' id='word_1_28' title='bbox 268 629 322 688; x_wconf 88' lang='lat' dir='ltr'><strong>per</strong></span> <span class='ocrx_word' id='word_1_29' title='bbox 343 628 379 672; x_wconf 91' lang='lat' dir='ltr'><strong>se</strong></span> <span class='ocrx_word' id='word_1_30' title='bbox 400 617 567 687; x_wconf 87' lang='lat' dir='ltr'><strong>ponantur,</strong></span> <span class='ocrx_word' id='word_1_31' title='bbox 588 610 687 670; x_wconf 91' lang='lat' dir='ltr'><strong>invisa</strong></span> <span class='ocrx_word' id='word_1_32' title='bbox 708 617 793 670; x_wconf 76' lang='lat' dir='ltr'><strong>sunt:</strong></span> <span class='ocrx_word' id='word_1_33' title='bbox 816 609 956 671; x_wconf 89' lang='lat' dir='ltr'><strong>videntur</strong></span> <span class='ocrx_word' id='word_1_34' title='bbox 977 610 1057 670; x_wconf 89' lang='lat' dir='ltr'><strong>enim</strong></span> <span class='ocrx_word' id='word_1_35' title='bbox 1077 612 1189 670; x_wconf 89' lang='lat' dir='ltr'><strong>nullam</strong></span> 
     </span>
     <span class='ocr_line' id='line_1_6' title="bbox 219 693 1188 774; baseline -0.007 -16"><span class='ocrx_word' id='word_1_36' title='bbox 219 713 307 774; x_wconf 89' lang='lat' dir='ltr'><strong>spem</strong></span> <span class='ocrx_word' id='word_1_37' title='bbox 320 696 494 770; x_wconf 83' lang='lat' dir='ltr'><strong>relinquere</strong></span> <span class='ocrx_word' id='word_1_38' title='bbox 504 693 645 754; x_wconf 89' lang='lat' dir='ltr'><strong>humanis</strong></span> <span class='ocrx_word' id='word_1_39' title='bbox 659 693 828 767; x_wconf 79' lang='lat' dir='ltr'><strong>erroribuS‚</strong></span> <span class='ocrx_word' id='word_1_40' title='bbox 843 694 900 753; x_wconf 89' lang='lat' dir='ltr'><strong>sed</strong></span> <span class='ocrx_word' id='word_1_41' title='bbox 911 693 1013 754; x_wconf 88' lang='lat' dir='ltr'><strong>omnia</strong></span> <span class='ocrx_word' id='word_1_42' title='bbox 1025 694 1137 755; x_wconf 88' lang='lat' dir='ltr'><strong>delicta</strong></span> <span class='ocrx_word' id='word_1_43' title='bbox 1151 695 1188 752; x_wconf 90' lang='lat' dir='ltr'><strong>ad</strong></span> 
     </span>
     <span class='ocr_line' id='line_1_7' title="bbox 190 776 1188 858; baseline -0.008 -15"><span class='ocrx_word' id='word_1_44' title='bbox 190 789 351 858; x_wconf 78' lang='lat' dir='ltr'><strong>ttpoenom</strong></span> <span class='ocrx_word' id='word_1_45' title='bbox 367 779 531 840; x_wconf 87' lang='lat' dir='ltr'><strong>deducere.</strong></span> <span class='ocrx_word' id='word_1_46' title='bbox 569 777 657 850; x_wconf 78' lang='lat' dir='ltr'><strong>Quod</strong></span> <span class='ocrx_word' id='word_1_47' title='bbox 668 776 696 836; x_wconf 91' lang='lat' dir='ltr'><strong>si</strong></span> <span class='ocrx_word' id='word_1_48' title='bbox 711 785 774 848; x_wconf 82' lang='lat' dir='ltr'><strong>est,</strong></span> <span class='ocrx_word' id='word_1_49' title='bbox 798 776 904 851; x_wconf 88' lang='lat' dir='ltr'><strong>quidni</strong></span> <span class='ocrx_word' id='word_1_50' title='bbox 926 781 1030 850; x_wconf 67' lang='lat' dir='ltr'><strong>[tanao</strong></span> <span class='ocrx_word' id='word_1_51' title='bbox 1046 781 1095 850; x_wconf 82' lang='lat' dir='ltr'><strong>sit]</strong></span> <span class='ocrx_word' id='word_1_52' title='bbox 1113 776 1188 836; x_wconf 87' lang='lat' dir='ltr'><strong>baec</strong></span> 
     </span>
     <span class='ocr_line' id='line_1_8' title="bbox 221 858 1242 938; baseline -0.006 -12"><span class='ocrx_word' id='word_1_53' title='bbox 221 866 361 938; x_wconf 88' lang='lat' dir='ltr'><strong>scientia,</strong></span> <span class='ocrx_word' id='word_1_54' title='bbox 384 877 464 936; x_wconf 89' lang='lat' dir='ltr'><strong>quae</strong></span> <span class='ocrx_word' id='word_1_55' title='bbox 484 860 646 920; x_wconf 83' lang='lat' dir='ltr'><strong>dediscere</strong></span> <span class='ocrx_word' id='word_1_56' title='bbox 667 858 882 922; x_wconf 78' lang='lat' dir='ltr'><strong>humanitatem</strong></span> <span class='ocrx_word' id='word_1_57' title='bbox 901 862 984 922; x_wconf 87' lang='lat' dir='ltr'><strong>iubet</strong></span> <span class='ocrx_word' id='word_1_58' title='bbox 1009 869 1189 936; x_wconf 85' lang='lat' dir='ltr'><strong>portumque</strong></span> <span class='ocrx_word' id='word_1_59' title='bbox 1241 925 1242 930; x_wconf 6' lang='grc' dir='ltr'>χ</span> 
     </span>
     <span class='ocr_line' id='line_1_9' title="bbox 221 944 1243 1014; baseline -0.008 -4"><span class='ocrx_word' id='word_1_60' title='bbox 221 950 372 1010; x_wconf 87' lang='lat' dir='ltr'><strong>adversus</strong></span> <span class='ocrx_word' id='word_1_61' title='bbox 387 947 538 1006; x_wconf 80' lang='lat' dir='ltr'><strong>fortunam</strong></span> <span class='ocrx_word' id='word_1_62' title='bbox 551 944 751 1006; x_wconf 87' lang='lat' dir='ltr'><strong>certissimum</strong></span> <span class='ocrx_word' id='word_1_63' title='bbox 766 952 868 1014; x_wconf 88' lang='lat' dir='ltr'><strong>mutuo</strong></span> <span class='ocrx_word' id='word_1_64' title='bbox 881 945 994 1005; x_wconf 89' lang='lat' dir='ltr'><strong>auxilio</strong></span> <span class='ocrx_word' id='word_1_65' title='bbox 1005 946 1120 1005; x_wconf 71' lang='lat' dir='ltr'><strong>eludit?</strong></span> <span class='ocrx_word' id='word_1_66' title='bbox 1133 945 1188 1004; x_wconf 90' lang='lat' dir='ltr'><strong>sed</strong></span> <span class='ocrx_word' id='word_1_67' title='bbox 1242 977 1243 982; x_wconf 22' lang='grc' dir='ltr'><strong>κ</strong></span> 
     </span>
     <span class='ocr_line' id='line_1_10' title="bbox 220 1028 1188 1104; baseline -0.004 -12"><span class='ocrx_word' id='word_1_68' title='bbox 220 1033 303 1093; x_wconf 89' lang='lat' dir='ltr'><strong>nulla</strong></span> <span class='ocrx_word' id='word_1_69' title='bbox 317 1036 403 1092; x_wconf 84' lang='lat' dir='ltr'><strong>secta</strong></span> <span class='ocrx_word' id='word_1_70' title='bbox 417 1029 578 1104; x_wconf 79' lang='lat' dir='ltr'><strong>benignior</strong></span> <span class='ocrx_word' id='word_1_71' title='bbox 599 1028 758 1103; x_wconf 88' lang='lat' dir='ltr'><strong>leniorque</strong></span> <span class='ocrx_word' id='word_1_72' title='bbox 779 1036 842 1102; x_wconf 88' lang='lat' dir='ltr'><strong>est,</strong></span> <span class='ocrx_word' id='word_1_73' title='bbox 864 1031 947 1089; x_wconf 89' lang='lat' dir='ltr'><strong>nullo</strong></span> <span class='ocrx_word' id='word_1_74' title='bbox 967 1029 1117 1089; x_wconf 89' lang='lat' dir='ltr'><strong>amantior</strong></span> <span class='ocrx_word' id='word_1_75' title='bbox 1137 1029 1188 1088; x_wconf 90' lang='lat' dir='ltr'><strong>ho·</strong></span> 
     </span>
     <span class='ocr_line' id='line_1_11' title="bbox 220 1111 1190 1190; baseline -0.007 -14"><span class='ocrx_word' id='word_1_76' title='bbox 220 1118 334 1176; x_wconf 89' lang='lat' dir='ltr'><strong>minum</strong></span> <span class='ocrx_word' id='word_1_77' title='bbox 349 1120 380 1174; x_wconf 90' lang='lat' dir='ltr'><strong>et</strong></span> <span class='ocrx_word' id='word_1_78' title='bbox 393 1113 562 1174; x_wconf 90' lang='lat' dir='ltr'><strong>communis</strong></span> <span class='ocrx_word' id='word_1_79' title='bbox 581 1112 651 1172; x_wconf 94' lang='lat' dir='ltr'><strong>boni</strong></span> <span class='ocrx_word' id='word_1_80' title='bbox 669 1111 834 1185; x_wconf 90' lang='lat' dir='ltr'><strong>adtentior‚</strong></span> <span class='ocrx_word' id='word_1_81' title='bbox 854 1121 886 1172; x_wconf 92' lang='lat' dir='ltr'><strong>ut</strong></span> <span class='ocrx_word' id='word_1_82' title='bbox 906 1113 976 1190; x_wconf 78' lang='lat' dir='ltr'><strong>[cuc]</strong></span> <span class='ocrx_word' id='word_1_83' title='bbox 998 1113 1190 1188; x_wconf 90' lang='lat' dir='ltr'><strong>propositum</strong></span> 
     </span>
     <span class='ocr_line' id='line_1_12' title="bbox 222 1195 1191 1268; baseline -0.006 -8"><span class='ocrx_word' id='word_1_84' title='bbox 222 1203 261 1260; x_wconf 90' lang='lat' dir='ltr'><strong>sit</strong></span> <span class='ocrx_word' id='word_1_85' title='bbox 274 1199 344 1259; x_wconf 92' lang='lat' dir='ltr'><strong>usui</strong></span> <span class='ocrx_word' id='word_1_86' title='bbox 362 1213 433 1257; x_wconf 89' lang='lat' dir='ltr'><strong>esse</strong></span> <span class='ocrx_word' id='word_1_87' title='bbox 449 1203 502 1256; x_wconf 90' lang='lat' dir='ltr'><strong>aut</strong></span> <span class='ocrx_word' id='word_1_88' title='bbox 518 1196 646 1266; x_wconf 89' lang='lat' dir='ltr'><strong>auxilio,</strong></span> <span class='ocrx_word' id='word_1_89' title='bbox 669 1212 726 1257; x_wconf 93' lang='lat' dir='ltr'><strong>nec</strong></span> <span class='ocrx_word' id='word_1_90' title='bbox 740 1196 799 1256; x_wconf 92' lang='lat' dir='ltr'><strong>sibi</strong></span> <span class='ocrx_word' id='word_1_91' title='bbox 813 1203 942 1268; x_wconf 87' lang='lat' dir='ltr'><strong>tantum,</strong></span> <span class='ocrx_word' id='word_1_92' title='bbox 966 1197 1023 1256; x_wconf 88' lang='lat' dir='ltr'><strong>sed</strong></span> <span class='ocrx_word' id='word_1_93' title='bbox 1036 1195 1191 1256; x_wconf 88' lang='lat' dir='ltr'><strong>universis</strong></span> 
     </span>
     <span class='ocr_line' id='line_1_13' title="bbox 191 1279 1191 1356; baseline -0.002 -17"><span class='ocrx_word' id='word_1_94' title='bbox 191 1283 411 1356; x_wconf 71' lang='lat' dir='ltr'><strong>lsingulisque</strong></span> <span class='ocrx_word' id='word_1_95' title='bbox 427 1281 597 1340; x_wconf 87' lang='lat' dir='ltr'><strong>consulere.</strong></span> <span class='ocrx_word' id='word_1_96' title='bbox 629 1279 841 1341; x_wconf 80' lang='lat' dir='ltr'><strong>Misericordia</strong></span> <span class='ocrx_word' id='word_1_97' title='bbox 860 1288 909 1342; x_wconf 87' lang='lat' dir='ltr'><strong>est</strong></span> <span class='ocrx_word' id='word_1_98' title='bbox 923 1281 1083 1354; x_wconf 73' lang='lat' dir='ltr'><strong>aegritudo</strong></span> <span class='ocrx_word' id='word_1_99' title='bbox 1099 1279 1191 1339; x_wconf 89' lang='lat' dir='ltr'><strong>animi</strong></span> 
     </span>
     <span class='ocr_line' id='line_1_14' title="bbox 222 1362 1192 1440; baseline -0.004 -14"><span class='ocrx_word' id='word_1_100' title='bbox 222 1368 262 1426; x_wconf 94' lang='lat' dir='ltr'><strong>ob</strong></span> <span class='ocrx_word' id='word_1_101' title='bbox 277 1367 443 1424; x_wconf 88' lang='lat' dir='ltr'><strong>alienarum</strong></span> <span class='ocrx_word' id='word_1_102' title='bbox 460 1364 648 1424; x_wconf 87' lang='lat' dir='ltr'><strong>miseriarum</strong></span> <span class='ocrx_word' id='word_1_103' title='bbox 662 1365 812 1440; x_wconf 86' lang='lat' dir='ltr'><strong>speciem,</strong></span> <span class='ocrx_word' id='word_1_104' title='bbox 830 1370 882 1424; x_wconf 92' lang='lat' dir='ltr'><strong>aut</strong></span> <span class='ocrx_word' id='word_1_105' title='bbox 895 1363 1014 1424; x_wconf 90' lang='lat' dir='ltr'><strong>tristitia</strong></span> <span class='ocrx_word' id='word_1_106' title='bbox 1028 1380 1068 1424; x_wconf 91' lang='lat' dir='ltr'><strong>ex</strong></span> <span class='ocrx_word' id='word_1_107' title='bbox 1082 1362 1192 1424; x_wconf 88' lang='lat' dir='ltr'><strong>alienis</strong></span> 
     </span>
     <span class='ocr_line' id='line_1_15' title="bbox 221 1447 1191 1522; baseline -0.006 -12"><span class='ocrx_word' id='word_1_108' title='bbox 221 1450 310 1510; x_wconf 88' lang='lat' dir='ltr'><strong>malis</strong></span> <span class='ocrx_word' id='word_1_109' title='bbox 322 1455 486 1520; x_wconf 89' lang='lat' dir='ltr'><strong>contracta,</strong></span> <span class='ocrx_word' id='word_1_110' title='bbox 499 1463 579 1522; x_wconf 88' lang='lat' dir='ltr'><strong>quae</strong></span> <span class='ocrx_word' id='word_1_111' title='bbox 593 1448 733 1508; x_wconf 88' lang='lat' dir='ltr'><strong>accidere</strong></span> <span class='ocrx_word' id='word_1_112' title='bbox 744 1448 960 1508; x_wconf 86' lang='lat' dir='ltr'><strong>inmerentibus</strong></span> <span class='ocrx_word' id='word_1_113' title='bbox 972 1448 1077 1511; x_wconf 89' lang='lat' dir='ltr'><strong>credit.</strong></span> <span class='ocrx_word' id='word_1_114' title='bbox 1093 1447 1191 1521; x_wconf 83' lang='lat' dir='ltr'><strong>aegri·</strong></span> 
     </span>
     <span class='ocr_line' id='line_1_16' title="bbox 222 1530 1251 1604; baseline -0.002 -10"><span class='ocrx_word' id='word_1_115' title='bbox 222 1534 296 1594; x_wconf 89' lang='lat' dir='ltr'><strong>tudo</strong></span> <span class='ocrx_word' id='word_1_116' title='bbox 313 1539 412 1594; x_wconf 91' lang='lat' dir='ltr'><strong>autem</strong></span> <span class='ocrx_word' id='word_1_117' title='bbox 434 1532 463 1590; x_wconf 93' lang='lat' dir='ltr'><strong>in</strong></span> <span class='ocrx_word' id='word_1_118' title='bbox 479 1531 647 1604; x_wconf 87' lang='lat' dir='ltr'><strong>sapientem</strong></span> <span class='ocrx_word' id='word_1_119' title='bbox 668 1530 765 1592; x_wconf 88' lang='lat' dir='ltr'><strong>virum</strong></span> <span class='ocrx_word' id='word_1_120' title='bbox 786 1531 959 1592; x_wconf 76' lang='lat' dir='ltr'><strong>non‘cadit.</strong></span> <span class='ocrx_word' id='word_1_121' title='bbox 993 1548 1104 1593; x_wconf 87' lang='lat' dir='ltr'><strong>serena</strong></span> <span class='ocrx_word' id='word_1_122' title='bbox 1124 1533 1191 1590; x_wconf 87' lang='lat' dir='ltr'><strong>eins</strong></span> <span class='ocrx_word' id='word_1_123' title='bbox 1250 1581 1251 1592; x_wconf 70' lang='grc'>,</span> 
     </span>
     <span class='ocr_line' id='line_1_17' title="bbox 222 1615 1252 1690; baseline -0.002 -14"><span class='ocrx_word' id='word_1_124' title='bbox 222 1632 309 1676; x_wconf 90' lang='lat' dir='ltr'><strong>mens</strong></span> <span class='ocrx_word' id='word_1_125' title='bbox 324 1624 443 1676; x_wconf 89' lang='lat' dir='ltr'><strong>estnec</strong></span> <span class='ocrx_word' id='word_1_126' title='bbox 459 1615 623 1689; x_wconf 88' lang='lat' dir='ltr'><strong>quicquam</strong></span> <span class='ocrx_word' id='word_1_127' title='bbox 644 1615 778 1676; x_wconf 90' lang='lat' dir='ltr'><strong>incidere</strong></span> <span class='ocrx_word' id='word_1_128' title='bbox 796 1623 910 1690; x_wconf 91' lang='lat' dir='ltr'><strong>potest,</strong></span> <span class='ocrx_word' id='word_1_129' title='bbox 934 1617 1017 1690; x_wconf 90' lang='lat' dir='ltr'><strong>quod</strong></span> <span class='ocrx_word' id='word_1_130' title='bbox 1036 1618 1117 1675; x_wconf 89' lang='lat' dir='ltr'><strong>illam</strong></span> <span class='ocrx_word' id='word_1_131' title='bbox 1138 1615 1191 1675; x_wconf 94' lang='lat' dir='ltr'><strong>ob·</strong></span> <span class='ocrx_word' id='word_1_132' title='bbox 1251 1632 1252 1652; x_wconf 59' lang='lat'>¹</span> 
     </span>
     <span class='ocr_line' id='line_1_18' title="bbox 223 1699 1253 1774; baseline -0.003 -14"><span class='ocrx_word' id='word_1_133' title='bbox 223 1702 323 1760; x_wconf 86' lang='lat' dir='ltr'><strong>ducat.</strong></span> <span class='ocrx_word' id='word_1_134' title='bbox 360 1699 495 1772; x_wconf 87' lang='lat' dir='ltr'><strong>nihilque</strong></span> <span class='ocrx_word' id='word_1_135' title='bbox 515 1713 615 1772; x_wconf 88' lang='lat' dir='ltr'><strong>aeque</strong></span> <span class='ocrx_word' id='word_1_136' title='bbox 635 1699 787 1759; x_wconf 91' lang='lat' dir='ltr'><strong>hominem</strong></span> <span class='ocrx_word' id='word_1_137' title='bbox 809 1716 900 1774; x_wconf 91' lang='lat' dir='ltr'><strong>quam</strong></span> <span class='ocrx_word' id='word_1_138' title='bbox 919 1716 1046 1774; x_wconf 91' lang='lat' dir='ltr'><strong>magnus</strong></span> <span class='ocrx_word' id='word_1_139' title='bbox 1072 1700 1192 1758; x_wconf 88' lang='lat' dir='ltr'><strong>animus</strong></span> <span class='ocrx_word' id='word_1_140' title='bbox 1252 1724 1253 1746; x_wconf 61' lang='lat' dir='ltr'><strong>t</strong></span> 
     </span>
     <span class='ocr_line' id='line_1_19' title="bbox 224 1783 1191 1857; baseline -0.005 -13"><span class='ocrx_word' id='word_1_141' title='bbox 224 1785 326 1844; x_wconf 81' lang='lat' dir='ltr'><strong>decet:</strong></span> <span class='ocrx_word' id='word_1_142' title='bbox 356 1798 416 1843; x_wconf 94' lang='lat' dir='ltr'><strong>non</strong></span> <span class='ocrx_word' id='word_1_143' title='bbox 438 1788 540 1856; x_wconf 88' lang='lat' dir='ltr'><strong>potest</strong></span> <span class='ocrx_word' id='word_1_144' title='bbox 560 1788 659 1842; x_wconf 86' lang='lat' dir='ltr'><strong>antem</strong></span> <span class='ocrx_word' id='word_1_145' title='bbox 679 1799 808 1857; x_wconf 89' lang='lat' dir='ltr'><strong>magnus</strong></span> <span class='ocrx_word' id='word_1_146' title='bbox 828 1799 899 1843; x_wconf 87' lang='lat' dir='ltr'><strong>esse</strong></span> <span class='ocrx_word' id='word_1_147' title='bbox 920 1783 1000 1844; x_wconf 89' lang='lat' dir='ltr'><strong>idem</strong></span> <span class='ocrx_word' id='word_1_148' title='bbox 1025 1799 1062 1843; x_wconf 88' lang='lat' dir='ltr'><strong>ac</strong></span> <span class='ocrx_word' id='word_1_149' title='bbox 1088 1791 1191 1842; x_wconf 77' lang='lat' dir='ltr'><strong>mona.</strong></span> 
     </span>
    </p>

    <p class='ocr_par' dir='ltr' id='par_1_3' title="bbox 194 1865 1255 2276">
     <span class='ocr_line' id='line_1_20' title="bbox 194 1865 1255 1942; baseline 0.006 -18"><span class='ocrx_word' id='word_1_150' title='bbox 194 1871 344 1928; x_wconf 79' lang='lat' dir='ltr'><strong>omoeror</strong></span> <span class='ocrx_word' id='word_1_151' title='bbox 357 1866 516 1926; x_wconf 89' lang='lat' dir='ltr'><strong>contundit</strong></span> <span class='ocrx_word' id='word_1_152' title='bbox 529 1873 661 1938; x_wconf 89' lang='lat' dir='ltr'><strong>mentes,</strong></span> <span class='ocrx_word' id='word_1_153' title='bbox 678 1867 784 1940; x_wconf 84' lang='lat' dir='ltr'><strong>obicit,</strong></span> <span class='ocrx_word' id='word_1_154' title='bbox 800 1867 957 1930; x_wconf 88' lang='lat' dir='ltr'><strong>contrahit.</strong></span> <span class='ocrx_word' id='word_1_155' title='bbox 979 1868 1045 1927; x_wconf 87' lang='lat' dir='ltr'><strong>Hoc</strong></span> <span class='ocrx_word' id='word_1_156' title='bbox 1060 1865 1193 1942; x_wconf 88' lang='lat' dir='ltr'><strong>sapienti</strong></span> <span class='ocrx_word' id='word_1_157' title='bbox 1254 1910 1255 1930; x_wconf 54' lang='lat' dir='ltr'><strong>i</strong></span> 
     </span>
     <span class='ocr_line' id='line_1_21' title="bbox 223 1950 1195 2024; baseline -0.004 -12"><span class='ocrx_word' id='word_1_158' title='bbox 223 1969 262 2012; x_wconf 90' lang='lat' dir='ltr'><strong>ne</strong></span> <span class='ocrx_word' id='word_1_159' title='bbox 287 1952 316 2010; x_wconf 97' lang='lat' dir='ltr'><strong>in</strong></span> <span class='ocrx_word' id='word_1_160' title='bbox 342 1950 407 2010; x_wconf 90' lang='lat' dir='ltr'><strong>suis</strong></span> <span class='ocrx_word' id='word_1_161' title='bbox 434 1950 558 2024; x_wconf 90' lang='lat' dir='ltr'><strong>quidem</strong></span> <span class='ocrx_word' id='word_1_162' title='bbox 586 1950 705 2010; x_wconf 86' lang='lat' dir='ltr'><strong>accidet</strong></span> <span class='ocrx_word' id='word_1_163' title='bbox 730 1951 965 2022; x_wconf 82' lang='lat' dir='ltr'><strong>calamitatibus,</strong></span> <span class='ocrx_word' id='word_1_164' title='bbox 989 1951 1045 2010; x_wconf 88' lang='lat' dir='ltr'><strong>sed</strong></span> <span class='ocrx_word' id='word_1_165' title='bbox 1071 1967 1195 2010; x_wconf 86' lang='lat' dir='ltr'><strong>omnem</strong></span> 
     </span>
     <span class='ocr_line' id='line_1_22' title="bbox 223 2032 1195 2108; baseline -0.003 -13"><span class='ocrx_word' id='word_1_166' title='bbox 223 2037 362 2095; x_wconf 79' lang='lat' dir='ltr'><strong>fortunae</strong></span> <span class='ocrx_word' id='word_1_167' title='bbox 384 2035 459 2093; x_wconf 88' lang='lat' dir='ltr'><strong>iram</strong></span> <span class='ocrx_word' id='word_1_168' title='bbox 479 2032 686 2094; x_wconf 88' lang='lat' dir='ltr'><strong>reverberabit</strong></span> <span class='ocrx_word' id='word_1_169' title='bbox 704 2041 733 2094; x_wconf 88' lang='lat' dir='ltr'><strong>et</strong></span> <span class='ocrx_word' id='word_1_170' title='bbox 746 2043 815 2096; x_wconf 92' lang='lat' dir='ltr'><strong>ante</strong></span> <span class='ocrx_word' id='word_1_171' title='bbox 841 2051 875 2094; x_wconf 91' lang='lat' dir='ltr'><strong>se</strong></span> <span class='ocrx_word' id='word_1_172' title='bbox 891 2036 1017 2108; x_wconf 74' lang='lat' dir='ltr'><strong>franget.</strong></span> <span class='ocrx_word' id='word_1_173' title='bbox 1053 2034 1195 2094; x_wconf 83' lang='lat' dir='ltr'><strong>eamdem</strong></span> 
     </span>
     <span class='ocr_line' id='line_1_23' title="bbox 224 2116 1195 2194; baseline -0.002 -16"><span class='ocrx_word' id='word_1_174' title='bbox 224 2133 346 2194; x_wconf 89' lang='lat' dir='ltr'><strong>semper</strong></span> <span class='ocrx_word' id='word_1_175' title='bbox 367 2116 474 2176; x_wconf 82' lang='lat' dir='ltr'><strong>faciem</strong></span> <span class='ocrx_word' id='word_1_176' title='bbox 495 2117 645 2186; x_wconf 86' lang='lat' dir='ltr'><strong>servabit,</strong></span> <span class='ocrx_word' id='word_1_177' title='bbox 667 2118 833 2191; x_wconf 87' lang='lat' dir='ltr'><strong>placidam,</strong></span> <span class='ocrx_word' id='word_1_178' title='bbox 855 2120 1086 2192; x_wconf 86' lang='lat' dir='ltr'><strong>inconcussam,</strong></span> <span class='ocrx_word' id='word_1_179' title='bbox 1107 2118 1195 2191; x_wconf 91' lang='lat' dir='ltr'><strong>quod</strong></span> 
     </span>
     <span class='ocr_line' id='line_1_24' title="bbox 223 2199 924 2276; baseline -0.003 -16"><span class='ocrx_word' id='word_1_180' title='bbox 223 2204 325 2260; x_wconf 89' lang='lat' dir='ltr'><strong>lacere</strong></span> <span class='ocrx_word' id='word_1_181' title='bbox 340 2217 400 2260; x_wconf 92' lang='lat' dir='ltr'><strong>non</strong></span> <span class='ocrx_word' id='word_1_182' title='bbox 417 2205 540 2274; x_wconf 86' lang='lat' dir='ltr'><strong>posset,</strong></span> <span class='ocrx_word' id='word_1_183' title='bbox 560 2199 587 2259; x_wconf 89' lang='lat' dir='ltr'><strong>si</strong></span> <span class='ocrx_word' id='word_1_184' title='bbox 601 2199 751 2260; x_wconf 87' lang='lat' dir='ltr'><strong>tristitiam</strong></span> <span class='ocrx_word' id='word_1_185' title='bbox 765 2201 924 2276; x_wconf 86' lang='lat' dir='ltr'><strong>reciperet.</strong></span> 
     </span>
    </p>

    <p class='ocr_par' dir='ltr' id='par_1_4' title="bbox 194 2282 1198 2777">
     <span class='ocr_line' id='line_1_25' title="bbox 194 2282 1194 2359; baseline 0.001 -17"><span class='ocrx_word' id='word_1_186' title='bbox 194 2296 210 2348; x_wconf 98' lang='lat'>1</span> <span class='ocrx_word' id='word_1_187' title='bbox 283 2282 334 2342; x_wconf 91' lang='lat' dir='ltr'><strong>Vl.</strong></span> <span class='ocrx_word' id='word_1_188' title='bbox 359 2283 455 2342; x_wconf 87' lang='lat' dir='ltr'><strong>Adice</strong></span> <span class='ocrx_word' id='word_1_189' title='bbox 471 2282 555 2358; x_wconf 91' lang='lat' dir='ltr'><strong>quod</strong></span> <span class='ocrx_word' id='word_1_190' title='bbox 570 2284 695 2358; x_wconf 89' lang='lat' dir='ltr'><strong>sapiens</strong></span> <span class='ocrx_word' id='word_1_191' title='bbox 711 2283 852 2359; x_wconf 87' lang='lat' dir='ltr'><strong>providet</strong></span> <span class='ocrx_word' id='word_1_192' title='bbox 863 2292 892 2344; x_wconf 91' lang='lat' dir='ltr'><strong>et</strong></span> <span class='ocrx_word' id='word_1_193' title='bbox 909 2285 939 2344; x_wconf 89' lang='lat' dir='ltr'><strong>in</strong></span> <span class='ocrx_word' id='word_1_194' title='bbox 955 2285 1098 2359; x_wconf 85' lang='lat' dir='ltr'><strong>expedito</strong></span> <span class='ocrx_word' id='word_1_195' title='bbox 1119 2300 1194 2344; x_wconf 92' lang='lat' dir='ltr'><strong>con-</strong></span> 
     </span>
     <span class='ocr_line' id='line_1_26' title="bbox 223 2365 1197 2444; baseline -0.001 -16"><span class='ocrx_word' id='word_1_196' title='bbox 223 2367 323 2428; x_wconf 92' lang='lat' dir='ltr'><strong>silium</strong></span> <span class='ocrx_word' id='word_1_197' title='bbox 337 2365 442 2428; x_wconf 81' lang='lat' dir='ltr'><strong>habet:</strong></span> <span class='ocrx_word' id='word_1_198' title='bbox 463 2383 630 2441; x_wconf 90' lang='lat' dir='ltr'><strong>numquam</strong></span> <span class='ocrx_word' id='word_1_199' title='bbox 646 2375 745 2428; x_wconf 85' lang='lat' dir='ltr'><strong>autam</strong></span> <span class='ocrx_word' id='word_1_200' title='bbox 760 2367 908 2444; x_wconf 88' lang='lat' dir='ltr'><strong>liquidum</strong></span> <span class='ocrx_word' id='word_1_201' title='bbox 923 2370 1139 2442; x_wconf 88' lang='lat' dir='ltr'><strong>sincerumque</strong></span> <span class='ocrx_word' id='word_1_202' title='bbox 1155 2385 1197 2427; x_wconf 87' lang='lat' dir='ltr'><strong>ex</strong></span> 
     </span>
     <span class='ocr_line' id='line_1_27' title="bbox 222 2450 1198 2526; baseline -0.002 -14"><span class='ocrx_word' id='word_1_203' title='bbox 222 2451 343 2512; x_wconf 83' lang='lat' dir='ltr'><strong>turbido</strong></span> <span class='ocrx_word' id='word_1_204' title='bbox 360 2450 450 2511; x_wconf 90' lang='lat' dir='ltr'><strong>venit.</strong></span> <span class='ocrx_word' id='word_1_205' title='bbox 486 2451 606 2512; x_wconf 87' lang='lat' dir='ltr'><strong>tristitia</strong></span> <span class='ocrx_word' id='word_1_206' title='bbox 621 2451 763 2512; x_wconf 90' lang='lat' dir='ltr'><strong>inhabilis</strong></span> <span class='ocrx_word' id='word_1_207' title='bbox 784 2460 831 2512; x_wconf 85' lang='lat' dir='ltr'><strong>est</strong></span> <span class='ocrx_word' id='word_1_208' title='bbox 851 2451 890 2512; x_wconf 94' lang='lat' dir='ltr'><strong>ad</strong></span> <span class='ocrx_word' id='word_1_209' title='bbox 906 2451 1115 2526; x_wconf 88' lang='lat' dir='ltr'><strong>dispiciendas</strong></span> <span class='ocrx_word' id='word_1_210' title='bbox 1131 2467 1198 2525; x_wconf 88' lang='lat' dir='ltr'><strong>res,</strong></span> 
     </span>
     <span class='ocr_line' id='line_1_28' title="bbox 221 2533 1196 2610; baseline -0.002 -14"><span class='ocrx_word' id='word_1_211' title='bbox 221 2533 306 2596; x_wconf 90' lang='lat' dir='ltr'><strong>utilia</strong></span> <span class='ocrx_word' id='word_1_212' title='bbox 320 2533 539 2609; x_wconf 89' lang='lat' dir='ltr'><strong>excogitanda,</strong></span> <span class='ocrx_word' id='word_1_213' title='bbox 562 2535 739 2609; x_wconf 89' lang='lat' dir='ltr'><strong>periculosa</strong></span> <span class='ocrx_word' id='word_1_214' title='bbox 753 2536 891 2609; x_wconf 86' lang='lat' dir='ltr'><strong>vitanda,</strong></span> <span class='ocrx_word' id='word_1_215' title='bbox 913 2551 1013 2610; x_wconf 87' lang='lat' dir='ltr'><strong>aequa</strong></span> <span class='ocrx_word' id='word_1_216' title='bbox 1030 2536 1196 2595; x_wconf 88' lang='lat' dir='ltr'><strong>aestiman-</strong></span> 
     </span>
     <span class='ocr_line' id='line_1_29' title="bbox 223 2618 1197 2694; baseline 0 -15"><span class='ocrx_word' id='word_1_217' title='bbox 223 2620 276 2679; x_wconf 85' lang='lat' dir='ltr'><strong>da:</strong></span> <span class='ocrx_word' id='word_1_218' title='bbox 303 2633 375 2693; x_wconf 91' lang='lat' dir='ltr'><strong>ergo</strong></span> <span class='ocrx_word' id='word_1_219' title='bbox 397 2634 458 2680; x_wconf 92' lang='lat' dir='ltr'><strong>non</strong></span> <span class='ocrx_word' id='word_1_220' title='bbox 474 2619 648 2693; x_wconf 87' lang='lat' dir='ltr'><strong>miseretur,</strong></span> <span class='ocrx_word' id='word_1_221' title='bbox 672 2618 743 2694; x_wconf 87' lang='lat' dir='ltr'><strong>qnia</strong></span> <span class='ocrx_word' id='word_1_222' title='bbox 757 2619 788 2680; x_wconf 92' lang='lat' dir='ltr'><strong>ld</strong></span> <span class='ocrx_word' id='word_1_223' title='bbox 803 2620 869 2680; x_wconf 88' lang='lat' dir='ltr'><strong>sine</strong></span> <span class='ocrx_word' id='word_1_224' title='bbox 887 2619 1010 2680; x_wconf 84' lang='lat' dir='ltr'><strong>miseria</strong></span> <span class='ocrx_word' id='word_1_225' title='bbox 1024 2619 1117 2678; x_wconf 89' lang='lat' dir='ltr'><strong>animi</strong></span> <span class='ocrx_word' id='word_1_226' title='bbox 1131 2635 1197 2679; x_wconf 91' lang='lat' dir='ltr'><strong>non</strong></span> 
     </span>
     <span class='ocr_line' id='line_1_30' title="bbox 222 2701 1198 2777; baseline -0.001 -15"><span class='ocrx_word' id='word_1_227' title='bbox 222 2703 265 2762; x_wconf 89' lang='lat' dir='ltr'><strong>fit</strong></span> <span class='ocrx_word' id='word_1_228' title='bbox 294 2710 396 2762; x_wconf 87' lang='lat' dir='ltr'><strong>cetera</strong></span> <span class='ocrx_word' id='word_1_229' title='bbox 410 2701 513 2763; x_wconf 90' lang='lat' dir='ltr'><strong>omnia</strong></span> <span class='ocrx_word' id='word_1_230' title='bbox 530 2717 610 2777; x_wconf 89' lang='lat' dir='ltr'><strong>quae</strong></span> <span class='ocrx_word' id='word_1_231' title='bbox 622 2707 701 2777; x_wconf 79' lang='lat' dir='ltr'><strong>lecal,</strong></span> <span class='ocrx_word' id='word_1_232' title='bbox 718 2703 770 2776; x_wconf 94' lang='lat' dir='ltr'><strong>qui</strong></span> <span class='ocrx_word' id='word_1_233' title='bbox 784 2703 977 2777; x_wconf 89' lang='lat' dir='ltr'><strong>miserentur,</strong></span> <span class='ocrx_word' id='word_1_234' title='bbox 994 2704 1064 2763; x_wconf 94' lang='lat' dir='ltr'><strong>volo</strong></span> <span class='ocrx_word' id='word_1_235' title='bbox 1080 2703 1198 2777; x_wconf 88' lang='lat' dir='ltr'><strong>lacere,</strong></span> 
     </span>
    </p>

    <p class='ocr_par' dir='ltr' id='par_1_5' title="bbox 187 2784 1199 3362">
     <span class='ocr_line' id='line_1_31' title="bbox 187 2784 1196 2860; baseline -0.004 -10"><span class='ocrx_word' id='word_1_236' title='bbox 187 2785 320 2854; x_wconf 43' lang='lat' dir='ltr'><strong>,alibens</strong></span> <span class='ocrx_word' id='word_1_237' title='bbox 336 2792 367 2844; x_wconf 87' lang='lat' dir='ltr'><strong>et</strong></span> <span class='ocrx_word' id='word_1_238' title='bbox 381 2787 459 2846; x_wconf 88' lang='lat' dir='ltr'><strong>altus</strong></span> <span class='ocrx_word' id='word_1_239' title='bbox 481 2784 582 2848; x_wconf 91' lang='lat' dir='ltr'><strong>animo</strong></span> <span class='ocrx_word' id='word_1_240' title='bbox 597 2786 696 2847; x_wconf 90' lang='lat' dir='ltr'><strong>laciet.</strong></span> <span class='ocrx_word' id='word_1_241' title='bbox 728 2785 892 2848; x_wconf 81' lang='lat' dir='ltr'><strong>succurret</strong></span> <span class='ocrx_word' id='word_1_242' title='bbox 915 2787 1022 2847; x_wconf 86' lang='lat' dir='ltr'><strong>alienis</strong></span> <span class='ocrx_word' id='word_1_243' title='bbox 1047 2787 1196 2860; x_wconf 69' lang='lat' dir='ltr'><strong>lacrimis</strong></span> 
     </span>
     <span class='ocr_line' id='line_1_32' title="bbox 222 2868 1195 2946; baseline -0.002 -16"><span class='ocrx_word' id='word_1_244' title='bbox 222 2885 282 2930; x_wconf 89' lang='lat' dir='ltr'><strong>uon</strong></span> <span class='ocrx_word' id='word_1_245' title='bbox 299 2869 434 2930; x_wconf 88' lang='lat' dir='ltr'><strong>accedet.</strong></span> <span class='ocrx_word' id='word_1_246' title='bbox 471 2868 556 2930; x_wconf 76' lang='lat' dir='ltr'><strong>cath</strong></span> <span class='ocrx_word' id='word_1_247' title='bbox 574 2885 696 2932; x_wconf 85' lang='lat' dir='ltr'><strong>manum</strong></span> <span class='ocrx_word' id='word_1_248' title='bbox 717 2871 881 2946; x_wconf 79' lang='lat' dir='ltr'><strong>naufrago,</strong></span> <span class='ocrx_word' id='word_1_249' title='bbox 906 2869 989 2930; x_wconf 88' lang='lat' dir='ltr'><strong>exuli</strong></span> <span class='ocrx_word' id='word_1_250' title='bbox 1013 2870 1195 2945; x_wconf 88' lang='lat' dir='ltr'><strong>hospitium,</strong></span> 
     </span>
     <span class='ocr_line' id='line_1_33' title="bbox 223 2953 1199 3028; baseline 0 -16"><span class='ocrx_word' id='word_1_251' title='bbox 223 2953 323 3028; x_wconf 91' lang='lat' dir='ltr'><strong>egenti</strong></span> <span class='ocrx_word' id='word_1_252' title='bbox 337 2954 462 3028; x_wconf 90' lang='lat' dir='ltr'><strong>stipem,</strong></span> <span class='ocrx_word' id='word_1_253' title='bbox 479 2970 540 3014; x_wconf 88' lang='lat' dir='ltr'><strong>nnn</strong></span> <span class='ocrx_word' id='word_1_254' title='bbox 555 2953 634 3014; x_wconf 90' lang='lat' dir='ltr'><strong>hanc</strong></span> <span class='ocrx_word' id='word_1_255' title='bbox 648 2955 914 3026; x_wconf 90' lang='lat' dir='ltr'><strong>contumeliosam,</strong></span> <span class='ocrx_word' id='word_1_256' title='bbox 930 2971 991 3028; x_wconf 88' lang='lat' dir='ltr'><strong>qna</strong></span> <span class='ocrx_word' id='word_1_257' title='bbox 1009 2970 1081 3028; x_wconf 90' lang='lat' dir='ltr'><strong>pars</strong></span> <span class='ocrx_word' id='word_1_258' title='bbox 1095 2955 1199 3014; x_wconf 91' lang='lat' dir='ltr'><strong>maior</strong></span> 
     </span>
     <span class='ocr_line' id='line_1_34' title="bbox 222 3037 1197 3112; baseline 0 -16"><span class='ocrx_word' id='word_1_259' title='bbox 222 3037 345 3111; x_wconf 87' lang='lat' dir='ltr'><strong>horum,</strong></span> <span class='ocrx_word' id='word_1_260' title='bbox 369 3037 421 3112; x_wconf 92' lang='lat' dir='ltr'><strong>qui</strong></span> <span class='ocrx_word' id='word_1_261' title='bbox 442 3053 477 3097; x_wconf 87' lang='lat' dir='ltr'><strong>se</strong></span> <span class='ocrx_word' id='word_1_262' title='bbox 497 3037 711 3098; x_wconf 83' lang='lat' dir='ltr'><strong>misericordes</strong></span> <span class='ocrx_word' id='word_1_263' title='bbox 730 3038 826 3100; x_wconf 85' lang='lat' dir='ltr'><strong>videri</strong></span> <span class='ocrx_word' id='word_1_264' title='bbox 846 3039 968 3110; x_wconf 89' lang='lat' dir='ltr'><strong>volunt,</strong></span> <span class='ocrx_word' id='word_1_265' title='bbox 989 3037 1081 3098; x_wconf 86' lang='lat' dir='ltr'><strong>abicit</strong></span> <span class='ocrx_word' id='word_1_266' title='bbox 1099 3045 1131 3098; x_wconf 85' lang='lat' dir='ltr'><strong>et</strong></span> <span class='ocrx_word' id='word_1_267' title='bbox 1149 3039 1197 3096; x_wconf 84' lang='lat' dir='ltr'><strong>la-</strong></span> 
     </span>
     <span class='ocr_line' id='line_1_35' title="bbox 223 3119 1198 3196; baseline 0 -16"><span class='ocrx_word' id='word_1_268' title='bbox 223 3119 307 3181; x_wconf 88' lang='lat' dir='ltr'><strong>stidit</strong></span> <span class='ocrx_word' id='word_1_269' title='bbox 321 3137 399 3195; x_wconf 90' lang='lat' dir='ltr'><strong>quos</strong></span> <span class='ocrx_word' id='word_1_270' title='bbox 414 3121 539 3182; x_wconf 88' lang='lat' dir='ltr'><strong>adiuvat</strong></span> <span class='ocrx_word' id='word_1_271' title='bbox 551 3121 747 3196; x_wconf 88' lang='lat' dir='ltr'><strong>contingique</strong></span> <span class='ocrx_word' id='word_1_272' title='bbox 758 3121 797 3181; x_wconf 91' lang='lat' dir='ltr'><strong>ab</strong></span> <span class='ocrx_word' id='word_1_273' title='bbox 808 3121 857 3182; x_wconf 91' lang='lat' dir='ltr'><strong>his</strong></span> <span class='ocrx_word' id='word_1_274' title='bbox 868 3123 966 3194; x_wconf 81' lang='lat' dir='ltr'><strong>dmel,</strong></span> <span class='ocrx_word' id='word_1_275' title='bbox 981 3122 1038 3181; x_wconf 88' lang='lat' dir='ltr'><strong>sed</strong></span> <span class='ocrx_word' id='word_1_276' title='bbox 1052 3129 1086 3182; x_wconf 91' lang='lat' dir='ltr'><strong>ut</strong></span> <span class='ocrx_word' id='word_1_277' title='bbox 1099 3121 1198 3181; x_wconf 90' lang='lat' dir='ltr'><strong>bomo</strong></span> 
     </span>
     <span class='ocr_line' id='line_1_36' title="bbox 221 3203 1197 3266; baseline 0.001 -3"><span class='ocrx_word' id='word_1_278' title='bbox 221 3203 336 3266; x_wconf 91' lang='lat' dir='ltr'><strong>homini</strong></span> <span class='ocrx_word' id='word_1_279' title='bbox 360 3221 399 3264; x_wconf 89' lang='lat' dir='ltr'><strong>ex</strong></span> <span class='ocrx_word' id='word_1_280' title='bbox 423 3204 575 3266; x_wconf 88' lang='lat' dir='ltr'><strong>communi</strong></span> <span class='ocrx_word' id='word_1_281' title='bbox 596 3204 688 3266; x_wconf 90' lang='lat' dir='ltr'><strong>dabit</strong></span> <span class='ocrx_word' id='word_1_282' title='bbox 731 3205 865 3266; x_wconf 85' lang='lat' dir='ltr'><strong>Donabit</strong></span> <span class='ocrx_word' id='word_1_283' title='bbox 888 3204 1021 3265; x_wconf 86' lang='lat' dir='ltr'><strong>lacrimis</strong></span> <span class='ocrx_word' id='word_1_284' title='bbox 1047 3205 1197 3266; x_wconf 85' lang='lat' dir='ltr'><strong>maternis</strong></span> 
     </span>
     <span class='ocr_line' id='line_1_37' title="bbox 222 3287 1199 3362; baseline -0.001 -14"><span class='ocrx_word' id='word_1_285' title='bbox 222 3288 316 3348; x_wconf 90' lang='lat' dir='ltr'><strong>lilium</strong></span> <span class='ocrx_word' id='word_1_286' title='bbox 330 3292 360 3346; x_wconf 90' lang='lat' dir='ltr'><strong>et</strong></span> <span class='ocrx_word' id='word_1_287' title='bbox 374 3297 498 3349; x_wconf 75' lang='lat' dir='ltr'><strong>cambas</strong></span> <span class='ocrx_word' id='word_1_288' title='bbox 514 3287 592 3349; x_wconf 91' lang='lat' dir='ltr'><strong>solvi</strong></span> <span class='ocrx_word' id='word_1_289' title='bbox 607 3288 723 3349; x_wconf 90' lang='lat' dir='ltr'><strong>iubebit</strong></span> <span class='ocrx_word' id='word_1_290' title='bbox 739 3296 769 3348; x_wconf 88' lang='lat' dir='ltr'><strong>et</strong></span> <span class='ocrx_word' id='word_1_291' title='bbox 782 3290 855 3350; x_wconf 90' lang='lat' dir='ltr'><strong>ludo</strong></span> <span class='ocrx_word' id='word_1_292' title='bbox 876 3289 989 3350; x_wconf 87' lang='lat' dir='ltr'><strong>eximet</strong></span> <span class='ocrx_word' id='word_1_293' title='bbox 1009 3297 1048 3362; x_wconf 56' lang='lat' dir='ltr'><strong>et,</strong></span> <span class='ocrx_word' id='word_1_294' title='bbox 1059 3289 1199 3348; x_wconf 87' lang='lat' dir='ltr'><strong>cadaver</strong></span> 
     </span>
    </p>

    <p class='ocr_par' dir='ltr' id='par_1_6' title="bbox 141 3370 1198 3448">
     <span class='ocr_line' id='line_1_38' title="bbox 141 3370 1198 3448; baseline 0 -17"><span class='ocrx_word' id='word_1_295' title='bbox 141 3401 146 3408; x_wconf 75' lang='lat'><em>=</em></span> <span class='ocrx_word' id='word_1_296' title='bbox 222 3370 313 3432; x_wconf 88' lang='lat' dir='ltr'><strong>etiam</strong></span> <span class='ocrx_word' id='word_1_297' title='bbox 328 3371 453 3432; x_wconf 88' lang='lat' dir='ltr'><strong>noxium</strong></span> <span class='ocrx_word' id='word_1_298' title='bbox 468 3370 609 3446; x_wconf 87' lang='lat' dir='ltr'><strong>sepeliet,</strong></span> <span class='ocrx_word' id='word_1_299' title='bbox 638 3373 694 3432; x_wconf 91' lang='lat' dir='ltr'><strong>sed</strong></span> <span class='ocrx_word' id='word_1_300' title='bbox 718 3373 808 3434; x_wconf 88' lang='lat' dir='ltr'><strong>iaciat</strong></span> <span class='ocrx_word' id='word_1_301' title='bbox 827 3371 888 3433; x_wconf 89' lang='lat' dir='ltr'><strong>ista</strong></span> <span class='ocrx_word' id='word_1_302' title='bbox 903 3373 1067 3448; x_wconf 88' lang='lat' dir='ltr'><strong>tranquilla</strong></span> <span class='ocrx_word' id='word_1_303' title='bbox 1081 3380 1198 3445; x_wconf 85' lang='lat' dir='ltr'><strong>mente,</strong></span> 
     </span>
    </p>

    <p class='ocr_par' dir='ltr' id='par_1_7' title="bbox 192 3453 1198 3532">
     <span class='ocr_line' id='line_1_39' title="bbox 192 3453 1198 3532; baseline -0.001 -17"><span class='ocrx_word' id='word_1_304' title='bbox 192 3455 305 3515; x_wconf 76' lang='lat' dir='ltr'><strong>svoltu</strong></span> <span class='ocrx_word' id='word_1_305' title='bbox 321 3469 389 3513; x_wconf 89' lang='lat' dir='ltr'><strong>suo.</strong></span> <span class='ocrx_word' id='word_1_306' title='bbox 416 3453 497 3528; x_wconf 85' lang='lat' dir='ltr'><strong>Ergo</strong></span> <span class='ocrx_word' id='word_1_307' title='bbox 516 3471 576 3516; x_wconf 92' lang='lat' dir='ltr'><strong>non</strong></span> <span class='ocrx_word' id='word_1_308' title='bbox 593 3456 783 3516; x_wconf 87' lang='lat' dir='ltr'><strong>miserebitur</strong></span> <span class='ocrx_word' id='word_1_309' title='bbox 794 3457 934 3532; x_wconf 85' lang='lat' dir='ltr'><strong>sapiens,</strong></span> <span class='ocrx_word' id='word_1_310' title='bbox 949 3457 1006 3518; x_wconf 88' lang='lat' dir='ltr'><strong>sed</strong></span> <span class='ocrx_word' id='word_1_311' title='bbox 1021 3463 1198 3530; x_wconf 85' lang='lat' dir='ltr'><strong>succurret,</strong></span> 
     </span>
    </p>
   </div>
   <div class='ocr_carea' id='block_1_3' title="bbox 0 0 1293 3890">
    <p class='ocr_par' dir='ltr' id='par_1_8' title="bbox 0 0 1293 3890">
     <span class='ocr_line' id='line_1_40' title="bbox 0 0 1293 3890; baseline 0 0"><span class='ocrx_word' id='word_1_312' title='bbox 0 0 1293 3890; x_wconf 95' lang='lat' dir='ltr'><strong> </strong></span> 
     </span>
    </p>
   </div>
  </div>
 </body>
</html>
