2546 3890
309 163 360 222 DE
382 161 600 222 CLEMENTIA
620 162 692 222 LlB.
705 162 728 220 1.
751 171 881 224 19-22.
1018 159 1081 224 295

110 314 311 388 nilestiorque
333 315 394 386 vis,
413 329 504 388 quarn
518 319 551 372 ut
564 310 664 374 alieno
679 315 759 374 rnalo
775 315 949 390 opinionem
964 314 1021 375 sibi
1037 315 1096 387 vi<

109 401 187 458 rium
203 405 338 472 quaerat.
360 395 420 458 hoc
436 396 522 457 dicor
544 411 613 456 cunr
627 396 664 456 ab
679 397 873 458 interioribus
887 398 998 473 petitus
1015 397 1081 458 vio·

109 484 252 556 latusque
267 487 323 540 est.
346 497 416 540 narn
431 481 474 554 si,
490 496 570 555 quos
584 496 676 556 pares
691 481 855 556 aliquando
870 481 987 555 habuit,
1003 482 1083 542 infra

110 581 146 624 se
165 565 261 636 videt,
285 565 360 624 satis
380 563 552 626 vindicatus
573 571 629 624 est
663 565 777 640 Regem
798 573 828 625 et
844 581 953 624 servus
969 565 1083 624 occidit

108 656 141 708 et
161 663 289 724 serpens
309 654 338 708 et
353 648 477 722 sagitta:
500 647 634 708 servabit
648 647 772 723 quidcrn
786 665 890 720 nemo,
913 649 970 708 nisi
985 648 1081 710 maior

108 747 149 790 eo
163 747 253 806 quarn
265 732 407 792 servavit.
440 731 490 792 Uti
500 729 603 806 itaque
615 732 751 791 animose
763 733 853 791 debet
864 739 946 792 tanto
957 747 1081 794 rnunerc
1095 737 1116 788 2

108 815 237 875 deornm
260 815 354 874 dandi
374 815 594 890 auferendique
616 815 705 874 vitam
728 822 852 889 potens,
875 815 904 873 in
925 815 973 874 lris
991 831 1080 890 prae-

110 899 223 970 sertim,
238 915 317 974 quos
330 899 389 958 scit
399 898 564 972 aliquando
576 897 633 957 sibi
643 899 724 976 [pror]
739 899 888 972 lastigjum
900 898 1080 958 obtinuisse.

109 982 171 1044 hoc
183 981 338 1044 arbitrium
349 983 479 1057 adeptus
492 981 636 1041 ultionem
648 982 774 1056 inplevit
784 983 972 1056 perlecitque
984 999 1080 1056 quan-

109 1073 174 1127 tum
189 1081 280 1126 verae
296 1081 415 1142 poenae
429 1065 504 1125 satis
518 1073 592 1124 erat.
614 1065 746 1139 perdidit
760 1066 839 1124 enirn
855 1064 945 1124 vitam
961 1067 1013 1138 qui
1027 1067 1080 1124 de-

108 1149 175 1223 bet,
199 1157 229 1210 et
243 1150 382 1226 quisquis
397 1165 437 1209 ex
450 1150 511 1210 alto
524 1149 562 1208 ad
571 1149 685 1220 ininrioi
698 1149 794 1223 pedes
804 1149 940 1209 abiectus
952 1149 1081 1208 alienum

108 1233 151 1292 de
167 1233 264 1308 capite
278 1248 437 1309 regnoque
452 1233 631 1293 sententiam
646 1233 850 1307 exspectavit,
873 1232 902 1290 in
915 1232 1081 1292 servatoris

107 1317 158 1377 sui
179 1317 306 1390 gloriam
328 1318 401 1380 vivit
421 1317 553 1392 plusque
570 1314 685 1376 nomini
699 1317 764 1374 eius
779 1317 897 1376 conlert
910 1315 1080 1387 incolumis

108 1417 203 1475 quum
222 1401 248 1460 si
269 1417 309 1459 ex
323 1402 419 1462 oculis
436 1401 553 1460 ablatus
570 1407 662 1459 esset.
690 1399 850 1459 adsiduum
866 1399 945 1458 enim
961 1407 1081 1474 specta-

108 1485 209 1544 culum
232 1483 350 1546 alienae
369 1483 487 1544 virtutis
508 1490 574 1544 est:
605 1483 634 1542 in
656 1483 808 1558 triumpho
830 1483 887 1542 cito
909 1485 1079 1551 transisset

109 1567 143 1628 Si
168 1583 242 1627 vero
268 1582 394 1648 regnum
416 1583 539 1642 quoque
565 1583 653 1626 suurn
674 1573 738 1627 tuto
758 1567 887 1641 relinqui
909 1567 992 1641 apud
1012 1572 1115 1626 eunrtt

110 1651 209 1726 potuit
228 1651 399 1726 reponique
419 1667 456 1710 eo
477 1651 558 1711 unde
576 1649 745 1724 deciderat,
768 1649 881 1724 ingenti
895 1651 1080 1711 incremento

110 1735 210 1808 surgit
229 1735 298 1794 laus
319 1735 402 1810 eius,
428 1735 481 1809 qui
503 1741 663 1792 contentus
685 1735 740 1794 luit
760 1749 799 1790 ex
818 1749 891 1806 rege
911 1735 991 1794 victo
1007 1733 1081 1792 nilril

109 1825 231 1894 praeter
253 1815 380 1892 gloriam
400 1831 530 1877 surnere.
566 1817 633 1876 lloc
653 1823 700 1876 est
720 1817 808 1876 etiam
829 1831 868 1875 ex
882 1817 1009 1876 victoria
1024 1826 1082 1875 sua

108 1901 295 1976 triumphare
314 1899 481 1976 testarique
497 1898 569 1959 nihil
583 1915 618 1960 se
633 1900 715 1974 quod
732 1899 855 1974 dignum
870 1907 953 1960 esset
965 1899 1081 1960 victore

110 1985 194 2060 apud
208 1983 307 2045 victos
322 1983 488 2044 invenisse.
529 1983 602 2043 Cum
617 1983 734 2044 civibus
749 1991 780 2044 et
793 1983 904 2058 ignotis
920 1991 1011 2058 atque
1026 1983 1117 2052 ιιι-4

108 2069 230 2128 milibus
246 2083 283 2129 eo
298 2069 484 2130 moderatius
499 2067 649 2141 agendum
665 2072 725 2139 est,
749 2083 811 2142 quo
825 2066 951 2127 minoris
966 2073 1013 2126 est
1026 2066 1080 2125 ad-

109 2149 229 2212 flixisse
244 2167 309 2212 eos.
332 2151 514 2228 quibusdam
532 2151 659 2212 libenter
673 2167 800 2226 parcas,
820 2167 838 2210 a
854 2149 1036 2226 quibusdam
1050 2157 1082 2208 ta

108 2235 266 2296 vindicare
281 2235 420 2297 fastidias
436 2243 466 2294 et
482 2251 542 2292 non
557 2234 643 2294 aliter
658 2251 747 2309 quarn
763 2235 802 2294 ab
817 2233 996 2294 animalibus
1012 2249 1080 2309 par-

110 2320 158 2378 vis
173 2325 204 2380 et
218 2319 404 2383 obterentem
419 2317 647 2393 inquinantibus
661 2318 837 2378 reducenda
846 2334 954 2378 manus
967 2326 1028 2378 est:
1051 2323 1082 2376 at

108 2402 139 2462 in
161 2401 215 2476 iia,
239 2403 334 2476 quiin
350 2417 406 2462 ore
420 2401 548 2463 civitatis
564 2402 676 2460 servati
692 2401 850 2476 punitique
866 2409 968 2474 erunt,
992 2416 1080 2460 oeca-

109 2487 197 2546 sione
212 2493 303 2548 notae
317 2486 494 2546 clementiae
509 2485 652 2544 utendum
668 2492 723 2544 est.

172 2571 262 2628 XXll.
288 2571 544 2650 Transeamus
575 2567 621 2626 ad
654 2567 802 2626 alienas
836 2565 1017 2638 iniurias³
1049 2563 1114 2633 inl
1184 2570 1186 2574 “

109 2654 223 2728 quibus
243 2651 435 2714 vindicandis
456 2651 533 2715 haec
555 2651 611 2711 tria
631 2653 681 2710 lex
702 2656 807 2710 secuta
821 2657 882 2722 est,
906 2664 984 2724 quae
998 2647 1080 2722 prin-

108 2752 186 2812 ceps
198 2753 324 2812 quoque
337 2736 427 2812 sequi
438 2736 543 2798 debet=
565 2742 616 2794 aut
628 2741 661 2794 ut
672 2751 749 2806 eum,
767 2749 856 2810 quem
867 2732 961 2808 punit,
978 2747 1079 2790 ernen-

18 2819 22 2822 ’
107 2821 175 2893 det,
198 2829 249 2882 aut
269 2826 302 2882 ut
321 2836 422 2896 poena
442 2820 507 2880 eius
529 2825 654 2879 ceteros·
668 2819 810 2878 meliores
834 2817 955 2890 reddat,
977 2816 1028 2874 aut
1048 2825 1081 2874 ut

107 2904 238 2964 sublatis
263 2904 351 2966 malis
377 2901 549 2964 securiores
576 2903 667 2962 ceteri
692 2902 804 2962 vivant.
844 2902 934 2974 Ipsos
960 2899 1080 2961 facilius

107 2989 288 3048 emendabis
307 2990 424 3050 minore
446 3002 561 3062 poena:
589 2985 761 3061 diligentius
783 2983 861 3044 enim
877 2984 949 3044 vivit
963 2983 1011 3044 cui
1027 2981 1080 3040 ali·

108 3069 185 3146 quid
209 3073 317 3147 integri
343 3077 493 3146 superest.
532 3085 621 3130 nemo
647 3068 783 3144 dignitati
807 3069 945 3144 perditae
973 3065 1079 3142 parcit.

107 3151 285 3228 inpunitatis
299 3171 395 3230 genus
412 3161 458 3214 cst
472 3154 531 3214 iarn
543 3170 603 3215 non
615 3153 728 3212 habere
741 3168 858 3228 poenae
871 3154 980 3212 locum.
1004 3149 1112 3210 civi-2

108 3238 179 3298 tatis
199 3246 299 3300 autem
322 3254 423 3298 mores
444 3237 541 3311 magis
557 3237 679 3312 corrigit
693 3237 825 3312 parcitas
841 3235 1080 3296 animadversio-

109 3337 192 3380 num.
222 3321 293 3382 lacit
311 3325 390 3382 enim
405 3321 657 3382 consuetudinem
672 3319 822 3396 peccandi
836 3320 993 3380 multitudo
1008 3333 1080 3392 pec·

107 3405 241 3467 cantium
256 3413 286 3466 et
302 3405 402 3466 minus
416 3405 518 3480 gravis
533 3412 605 3465 nota
619 3413 680 3480 est,
704 3419 795 3480 quarn
810 3404 898 3464 turba
913 3401 1082 3475 damnatio·
