2554 3888
270 230 322 293 DE
340 231 675 307 Tnnnpttlttlrnrn
695 235 816 295 ANIMI.
845 247 875 345 1ὁ
1019 235 1080 302 173

93 403 222 464 quoque
237 387 374 446 velocior
388 387 513 446 domum
527 386 642 461 gradus
657 395 720 458 est,
738 389 841 462 placet
854 387 933 449 intra
946 389 1079 464 parietes

94 489 173 533 suos
198 471 289 530 vitam
315 485 470 530 coercere.
502 485 613 542 „neom
640 471 731 530 ullum
758 473 876 531 auferat
901 473 979 532 diem
1006 474 1080 534 nihil

94 557 222 630 dignum
237 561 320 614 tanto
337 553 483 628 inpendio
498 552 685 614 redditurus.
715 553 774 613 sibi
789 555 856 629 ipse
871 558 991 616 animus
1007 557 1078 616 liae-

94 647 176 711 reat,
202 653 237 697 se
264 638 358 710 eolat,
390 635 463 696 nihil
491 635 582 696 alieni
608 644 693 711 agat,
719 637 791 696 nihil
820 640 902 712 quod
933 640 983 698 ad⁴
1001 639 1078 699 iudi-

94 739 164 780 cem
194 727 321 796 spectet.
359 726 476 780 ametur
505 735 616 794 expers
647 721 788 795 publicae
814 722 1011 797 privataeque
1027 739 1078 783 cu-

94 821 151 864 rae
171 801 405 878 tranquillitas.“
435 801 497 863 Sed
518 802 570 862 ubi
589 803 678 864 lectio
702 805 808 864 lortior
827 806 923 864 erexit
945 807 1077 866 animum
1087 819 1122 870 12

93 896 129 948 et
143 889 268 948 aculeos
284 886 486 947 subdiderunt
499 889 639 961 exempla
654 888 781 960 nobilia,
803 889 944 963 prosilire
959 890 1032 949 libet
1047 889 1077 948 in

94 975 213 1044 lorum,
235 971 430 1031 commodare
451 970 536 1030 alteri
553 985 675 1043 rocem,
697 970 782 1030 alteri
798 988 938 1046 operam,
960 973 1078 1032 etiamsi

94 1056 172 1116 nihil
197 1056 401 1130 profuturam,
426 1060 526 1118 tamen
554 1061 730 1114 conaturam
756 1055 922 1128 prodesse,
949 1056 1077 1116 alicuius

93 1153 244 1201 coercere
259 1137 289 1197 in
305 1139 372 1215 loro
387 1137 561 1212 superbiam
577 1139 655 1196 male
669 1137 814 1197 secundis
829 1139 922 1198 rebus
938 1140 1015 1198 elati.
1045 1140 1121 1204 ln13

96 1221 208 1284 studiis
224 1229 297 1297 puto
318 1221 506 1281 mehercules
522 1220 630 1280 melius
652 1237 723 1281 esse
743 1237 794 1281 res
815 1223 900 1297 ipsas
921 1223 1029 1282 intueri
1050 1229 1079 1280 et
1101 1245 1109 1252 ·

95 1307 206 1366 harum
228 1321 323 1365 causa
344 1305 442 1379 loqui,
468 1311 600 1364 ceterum
614 1303 709 1364 verba
728 1305 820 1366 rebus
837 1306 1023 1380 permittere,
1047 1315 1079 1366 ut

95 1407 163 1466 qua
188 1389 345 1461 duxerint,
370 1387 428 1448 hac
453 1385 641 1448 inelaborata
666 1395 814 1463 sequatur
839 1390 945 1449 oratio·
977 1387 1076 1462 „quid

95 1489 180 1549 opus
195 1479 243 1531 est
257 1473 370 1532 seculis
385 1473 529 1532 duratura
544 1478 742 1545 conponere?
755 1471 802 1531 vis
817 1479 849 1532 tu
861 1489 921 1532 non
933 1473 964 1532 id
975 1487 1076 1546 agere,

81 1555 138 1618 'ne
152 1563 183 1617 te
198 1554 313 1632 posteri
326 1554 465 1615 taceant?
485 1555 573 1614 morti
589 1563 677 1616 natus
694 1571 738 1614 es.
761 1556 859 1615 minus
872 1557 1078 1616 molestiarum

97 1641 191 1701 habet
212 1641 301 1699 iunus
323 1639 454 1707 tacitum.
489 1639 592 1713 itaque
614 1640 785 1713 occupandi
806 1641 951 1714 temporis
973 1654 1077 1709 causa,

97 1727 129 1784 in
144 1740 234 1783 usum
255 1725 356 1796 inum,
375 1740 437 1782 non
457 1723 487 1781 in
510 1721 706 1796 praeconium
727 1723 842 1798 aliquid
863 1723 994 1798 simplici
1008 1717 1096 1782 stilo'

98 1807 211 1868 scribe.
243 1807 360 1866 minore
385 1807 488 1865 labore
515 1821 594 1880 opus
620 1805 885 1866 est'studentibus
911 1807 940 1865 in
967 1807 1078 1864 diem.“

98 1894 220 1952 Rursus
235 1891 286 1950 ulti
303 1905 338 1949 se
362 1889 481 1950 animus
502 1889 717 1962 cogitationum
733 1889 938 1964 magnitudine
959 1889 1077 1958 levavit,
1087 1892 1121 1946 14

99 1975 281 2034 ambitiosus
306 1973 335 2032 in
362 1974 456 2033 verba
477 1980 525 2032 est
549 1973 701 2048 altiusque
716 1979 756 2032 ut
777 1973 894 2048 spirare
914 1974 955 2032 ita
976 1969 1078 2045 eloqui

98 2059 192 2134 gestit
217 2058 311 2118 etad
338 2056 513 2130 dignitatem
536 2071 638 2116 rerum
664 2056 726 2116 exit
746 2057 853 2118 oratio.
884 2056 996 2116 oblitus
1016 2061 1078 2113 tum

100 2141 177 2216 legis
195 2139 422 2216 pressiorisque
443 2137 546 2200 iudicii
561 2140 721 2200 sublimius
737 2141 862 2201 sereret
877 2155 930 2201 ore
945 2139 1003 2199 iam
1017 2154 1078 2198 non

100 2242 181 2286 meo.
211 2224 255 2283 Ne
280 2225 405 2298 singula·
420 2223 532 2284 diutius
554 2238 738 2298 persequar,
764 2225 793 2283 in
818 2225 960 2284 omnibus
985 2223 1078 2282 rebus
1088 2227 1121 2279 15

100 2311 178 2368 llaec
199 2323 247 2367 me
268 2308 407 2382 sequitur
427 2307 528 2384 bonae
547 2307 656 2366 mentis
676 2307 844 2368 infirmitas.
876 2308 924 2368 cui
944 2323 983 2365 ne
1005 2321 1077 2380 pau-

100 2391 183 2453 latim
198 2389 331 2451 defluam
345 2406 470 2463 vereor,
489 2397 541 2450 aut
555 2390 639 2464 quod
655 2398 703 2450 est
717 2392 890 2462 sollicitiuS,
905 2407 944 2450 ne
959 2404 1080 2462 semper

100 2491 214 2536 casuro
235 2475 342 2534 similis
364 2475 514 2549 pendeam
535 2481 565 2533 et
585 2475 655 2548 plus
677 2475 808 2534 fortasse
829 2475 868 2533 sit
889 2489 978 2546 quam
995 2469 1079 2546 quod

101 2561 171 2634 ipse
187 2558 343 2634 pervideo.
370 2555 555 2618 familiariter
569 2557 648 2617 enim
663 2557 831 2617 domestica
846 2555 1034 2632 adspicimus
1049 2560 1080 2612 et

102 2657 227 2718 semper
243 2641 355 2702 iudicio
374 2642 461 2702 lavor
479 2641 582 2702 allicit.
608 2639 683 2700 Puto
699 2642 809 2700 multos
827 2639 965 2716 potuisse
977 2639 1016 2697 ad
1031 2647 1124 2702 sar-16

11 2769 12 2776 ,
103 2724 250 2802 pientiam
257 2726 428 2802 pervenire,
436 2725 494 2784 nisi
506 2731 706 2799 putassentse
719 2724 905 2798 pervenisse,
913 2721 973 2783 nisi
986 2736 1078 2796 quee-

61 2853 65 2860 -
103 2812 175 2871 dem
194 2807 224 2872 in
246 2825 281 2870 se
298 2809 557 2893 dissimulassem,
581 2808 712 2881 quedam
729 2808 844 2882 opertis
862 2807 960 2868 oculis
981 2813 1080 2865 trans-

12 2919 13 2938 *
103 2893 271 2955 siluissent
286 2908 348 2953 non
363 2899 411 2952 est
424 2891 513 2965 enim,
530 2891 613 2965 quod
627 2891 723 2965 magis
738 2892 835 2950 aliena
847 2890 964 2950 iudices
975 2889 1080 2948 adula-

102 2979 187 3038 tione
198 2992 257 3038 nos
269 2976 370 3052 perire
382 2992 473 3051 quarn
486 2982 599 3034 nostra.
609 2975 677 3048 quis
688 2973 746 3034 sibi
759 2990 864 3038 verum
872 2975 974 3033 dicere
985 2988 1081 3032 ausus

103 3067 174 3122 esti
193 3060 262 3135 quis
277 3077 339 3122 non
357 3059 434 3120 inter
453 3056 638 3118 laudantium
660 3058 940 3132 blandientiumque
962 3057 1082 3131 positus

105 3160 219 3220 greges
235 3143 406 3220 plummum¹
418 3151 518 3203 tamen
542 3140 598 3201 sibi
618 3141 688 3214 ipse
703 3141 880 3200 adsentatus
902 3147 970 3200 esti
994 3141 1081 3214 Rogo
1091 3151 1124 3208 ιτ

104 3230 224 3302 itaque,
251 3228 278 3287 si
293 3228 377 3301 quod
392 3226 487 3286 habes
502 3221 668 3284 remedium
684 3241 745 3299 quo
761 3225 839 3283 harre
856 3224 1084 3284 fluctuationem

104 3327 205 3371 meam
223 3311 326 3383 sistas,
349 3311 474 3384 dignum
499 3324 547 3368 me
569 3316 665 3382 putes,
691 3307 743 3382 qui
763 3308 815 3368 tibi
839 3307 1084 3382 tranquillitatem

105 3396 246 3454 debeam.
272 3395 338 3454 Non
351 3409 423 3454 esse
435 3391 626 3468 periculosos
639 3399 738 3452 motus
750 3392 841 3452 animi
852 3407 909 3451 nee
921 3391 1085 3465 quicquam

107 3478 287 3540 tumultuosi
310 3475 475 3538 adferentis
497 3475 573 3535 scio.
609 3481 642 3534 ut
661 3490 734 3536 vera
754 3475 808 3536 tibi
830 3469 1085 3544 similitudinem,
