2528 3906
260 223 362 282 DIAL.
386 227 422 283 V.
444 223 497 284 DE
519 227 587 286 IRA
609 227 681 286 LIB.
704 229 752 288 111.
774 240 859 295 5-7-
1008 233 1049 298 85

68 388 96 438 et
119 381 226 438 furens
247 393 308 438 non
330 375 458 452 primam
479 378 586 438 reiecit
601 380 838 440 verecundiamt
858 384 928 458 quis
943 386 1049 462 inpetu

68 461 209 522 turbidus
230 467 261 520 ει
281 462 311 520 in
334 461 466 535 aliquem
487 477 580 522 ruens
603 478 664 522 non
687 463 832 539 quicquid
853 467 882 525 in
904 483 940 528 εε
960 485 1047 530 vore·

69 544 161 605 cundi
183 543 304 618 babuit,
326 542 456 604 abiecit?
484 543 533 605 cui
555 543 725 606 officiorum
741 563 887 610 numerus
904 561 956 612 aut
970 554 1069 630 ordo,

69 628 204 688 constitit
224 628 368 688 incitator
394 627 464 701 quis
486 627 607 702 linguae
628 631 830 704 temperavitt
860 632 929 708 quis
954 637 1046 696 ullam

69 719 183 784 partem
201 711 342 786 corporis
356 711 473 771 tenuitt
497 711 566 787 quis
581 727 616 771 se
629 727 738 787 regere
756 715 853 789 potuit
866 717 1047 779 inmissumt

68 794 207 855 Proderit
226 793 315 854 nobis
330 793 404 853 illud
418 793 582 854 Democriti
597 795 730 856 salutare
752 807 963 876 praeceptum,
983 816 1073 878 quos

68 885 253 938 monstratur
266 875 477 953 tranquillitas,
494 878 637 952 sineque
654 881 794 954 privatim
809 897 910 958 neque
925 885 1046 958 publice

67 963 160 1022 multa
185 967 238 1022 aut
261 961 377 1022 maiora
401 961 516 1022 viribus
541 961 656 1022 nostris
682 964 844 1038 egerimus.
875 965 1045 1043 Numquam

67 1054 124 1104 tam
146 1043 277 1106 feliciter
296 1045 325 1103 in
344 1045 438 1104 multa
455 1045 637 1106 discurrenti
651 1045 775 1120 negotia
789 1047 856 1117 dies
870 1052 998 1122 transit,
1013 1061 1046 1112 ut

67 1146 124 1188 non
141 1134 195 1188 aut
210 1143 251 1187 ex
265 1127 388 1190 homine
402 1134 455 1188 aut
469 1145 553 1188 exre
569 1128 690 1190 offense
704 1137 863 1206 nascatur,
886 1149 966 1208 quae
981 1136 1044 1194 ani·

67 1229 145 1272 tuom
160 1211 192 1270 in
214 1212 276 1271 iras
297 1218 392 1286 paret.
421 1211 682 1286 Quemadmodum
703 1228 759 1287 per
774 1215 946 1290 frequentia
959 1218 1074 1280 urbis4

67 1299 133 1356 loca
148 1293 327 1370 properanti
341 1295 371 1354 in
385 1296 497 1355 mullos
511 1296 752 1356 incursitandum
769 1305 817 1356 est
831 1305 861 1357 ct
876 1299 968 1360 aliubi
983 1300 1044 1360 labi

67 1393 196 1438 necesse
218 1385 279 1449 est,
301 1377 393 1438 aliubi
414 1379 552 1452 retineri,
576 1378 669 1438 aliubi
688 1380 844 1456 respergi=
873 1381 913 1441 ita
933 1383 962 1440 in
983 1383 1043 1442 boc

66 1465 144 1522 vitae
166 1469 237 1522 actu
257 1460 407 1536 dissipato
429 1469 460 1522 et
478 1478 558 1536 vago
577 1465 671 1522 multa
689 1462 911 1539 inpedimenta,
931 1467 1043 1526 multae

68 1545 210 1620 querelae
224 1545 468 1626 inciduntaalias
482 1561 570 1621 spem
581 1553 717 1607 nostram
730 1545 841 1617 fefellit,
858 1549 934 1607 alius
947 1549 1042 1609 distu-

67 1631 105 1702 lit,
120 1629 201 1689 alius
216 1628 382 1704 intercepit.
404 1643 465 1689 non
482 1643 521 1688 ex
536 1629 687 1690 destinato
704 1631 863 1704 proposita
878 1629 1042 1692 fluxerunt.

66 1711 141 1772 llulli
161 1711 284 1774 fortuna
304 1720 365 1772 tarn
386 1712 489 1772 dedita
510 1719 571 1785 est,
585 1719 618 1773 ut
638 1713 732 1772 multa
754 1716 908 1787 temptanti
931 1715 1071 1791 ubiques

66 1796 269 1871 respondeat:
292 1796 429 1870 sequitur
444 1811 527 1870 ergo,
544 1803 576 1855 ut
591 1797 617 1856 is
630 1795 682 1856 cui
697 1801 908 1872 contraquam
928 1815 1040 1878 propo-

66 1887 180 1953 suerat,
207 1880 309 1954 aliqua
332 1885 506 1950 cesserunt,
532 1879 683 1954 inpatiens
704 1878 858 1939 hominum
879 1896 1043 1956 rerumque

66 1964 115 2034 sit,
137 1978 178 2022 ex
200 1961 364 2022 levissimis
386 1961 490 2022 causis
507 1963 656 2023 irascatur
672 1977 752 2022 nunc
773 1978 939 2037 personae,
962 1982 1042 2024 nunc

66 2047 300 2120 negotiopnunc
316 2048 401 2120 loco,
425 2062 505 2106 nunc
521 2047 675 2119 fortunae,
692 2061 773 2105 nunc
788 2046 855 2106 sibi.
888 2047 995 2123 ltaque
1012 2056 1072 2110 utd

66 2130 186 2204 quietus
208 2129 310 2204 possit
329 2145 399 2190 esse
422 2130 558 2203 animus,
581 2144 641 2190 non
658 2136 705 2188 est
719 2129 878 2190 iactandus
894 2147 950 2191 nec
966 2134 1041 2192 mul-

66 2221 176 2286 tarum,
203 2222 237 2274 ut
263 2213 340 2287 dixi,
366 2228 467 2273 rerum
493 2221 563 2273 actu
587 2213 761 2286 fatigandus
787 2227 843 2273 nec
864 2231 1040 2289 magnarum

66 2311 221 2371 supraque
241 2296 323 2355 vires
345 2296 556 2372 adpetitarum.
584 2297 686 2357 Facile
701 2303 749 2356 est
762 2295 843 2356 levia
855 2305 961 2373 aptare
976 2315 1040 2359 cer·
1129 2305 1132 2312 ⁴

67 2379 181 2440 vicibus
197 2387 228 2438 et
242 2378 272 2438 in
288 2379 367 2440 hane
383 2388 434 2440 aut
447 2380 528 2439 illam
543 2387 660 2455 partem
674 2382 840 2440 uansterre
855 2381 921 2440 sine
935 2383 1040 2456 lapsu:

66 2469 93 2521 at
114 2478 198 2538 quae
221 2461 328 2522 alienis
349 2463 378 2522 in
398 2480 457 2524 nos
476 2464 617 2524 manibus
638 2463 774 2538 inposita
795 2477 887 2536 aegre
909 2465 1039 2525 sustine-

65 2561 139 2619 mus,
156 2544 229 2604 victi
244 2545 275 2604 in
290 2546 429 2620 proximo
445 2544 640 2608 effundimus.
662 2546 751 2606 etiam
766 2545 838 2603 dum
853 2553 968 2606 stamus
983 2548 1041 2626 sub

65 2631 194 2702 sarcina,
209 2628 333 2704 inpares
348 2631 433 2690 oneri
447 2630 634 2690 vacillamus.

123 2713 192 2772 Vll.
214 2712 299 2772 ldem
320 2713 461 2773 accidere
481 2713 510 2776 in
531 2713 625 2773 rebus
646 2712 785 2773 civilibus
807 2728 843 2772 ac
864 2711 1067 2773 domesticisl

65 2796 154 2856 scias.
189 2795 318 2870 Negotia
342 2797 485 2871 expedita
508 2804 539 2856 et
565 2795 677 2856 habilia
698 2803 868 2872 sequuntur
890 2803 1039 2857 actorem:

65 2878 197 2953 ingentia
217 2885 247 2938 et
268 2895 363 2954 supra
383 2893 555 2940 mensuram
579 2880 712 2954 gerentis
736 2895 793 2939 nec
813 2879 887 2939 dant
901 2895 935 2939 se
951 2880 1040 2939 facile

65 2969 105 3035 et,
128 2962 156 3022 si
178 2970 330 3037 occupata
353 2970 436 3035 sunt,
464 2972 603 3038 premunt
625 2970 717 3038 atque
737 2963 893 3024 abducunt
913 2963 1039 3022 admini-

66 3053 210 3104 strantem
224 3044 384 3120 tenerique
401 3047 460 3106 iam
474 3047 543 3106 visa
563 3062 631 3107 cum
648 3037 718 3122 ips'o
734 3048 860 3106 cadunt:
886 3047 928 3106 ita
941 3044 988 3118 fit,
1007 3053 1040 3104 ut

67 3128 239 3204 frequenter
253 3128 342 3188 inrita
360 3129 401 3190 sit
419 3131 486 3191 eius
505 3130 660 3202 voluntas,
686 3131 739 3205 qui
758 3145 819 3190 non
842 3143 922 3204 quae
940 3128 1040 3187 facilia

67 3221 133 3272 sunt
146 3212 339 3286 adgreditur,
355 3213 411 3272 sed
427 3215 491 3273 vult
506 3213 606 3272 facilia
621 3227 692 3272 esse
708 3228 787 3288 quae
800 3213 967 3286 adgressus
982 3219 1038 3270 est.

66 3292 209 3365 Quotiens
230 3294 344 3370 aliquid
369 3295 548 3369 conaberis,
571 3303 601 3355 te
620 3295 709 3358 simul
736 3302 767 3354 et
786 3311 824 3354 ea
847 3310 925 3369 quae
947 3304 1066 3370 parasn

67 3378 238 3454 quibusque
258 3380 378 3454 pararis
395 3380 463 3455 ipse
483 3381 597 3440 metire.
634 3380 724 3439 faciet
744 3379 823 3438 enirn
845 3387 875 3438 te
896 3392 1040 3452 aspemm

67 3463 250 3533 poenitentia
271 3463 374 3538 operis
396 3463 508 3523 infecti.
542 3462 601 3522 hoc
626 3463 751 3522 interest
775 3469 875 3521 utrum
896 3461 965 3534 quis
981 3459 1038 3514 fcr-
