2522 3906
116 259 117 262 ¹
162 263 208 328 58
456 263 490 322 L.
511 261 657 322 ANNAEI
681 259 856 323 SENECAE

164 419 234 479 luce
249 417 446 494 properantia
461 429 552 491 quam
568 422 672 491 turpes
687 414 772 488 lites,
795 421 910 488 quanto
924 412 1077 490 turpiores
1094 417 1149 481 ad·

163 508 294 562 vocatos
311 501 446 560 habente
460 500 537 559 alius
551 497 665 559 indicia
681 497 775 573 patris
790 505 929 573 accusat,
944 511 1024 574 quae
1038 499 1151 574 mereri

168 584 265 647 satius
280 585 344 644 luit.
370 585 449 644 alius
464 597 533 642 cum
550 589 646 642 matre
661 582 811 642 consistit.
839 581 918 643 alius
934 583 1052 644 delator
1067 583 1151 644 venit

165 669 232 730 eius
244 667 387 739 oriminis,
404 665 491 727 cuius
505 665 694 726 manifestior
707 681 780 725 reus
793 671 849 724 εει.
871 674 901 726 ει
915 665 1009 725 iudex
1023 665 1149 726 damna-

164 759 250 813 turus
273 767 353 828 quac
374 749 446 810 iecit
466 748 586 823 eiigitur
605 756 636 810 ει
656 765 769 810 corona
784 763 841 824 pro
856 750 935 809 mala
956 765 1052 811 causa
1066 749 1149 811 bona

167 835 286 912 patroni
301 848 379 894 arone
395 839 547 907 corrupta.

138 919 153 970 l
233 919 313 978 Vlll.
343 916 421 992 Quid
448 914 568 992 singula
593 919 789 992 persequort
814 931 883 974 cum
906 913 1022 976 videris
1048 917 1149 978 iorum

164 1003 354 1063 multitudino
369 1000 514 1061 refertum
527 1007 559 1061 et
574 1007 662 1075 septa
676 1013 830 1060 concursu
844 1000 943 1060 omnis
959 1001 1150 1075 frequentiae

164 1088 254 1162 plena
276 1091 307 1145 et
326 1085 409 1145 illurn
429 1083 561 1158 circum,
581 1085 610 1142 in
633 1099 694 1158 quo
714 1081 878 1142 maximam
897 1084 944 1144 sui
960 1091 1077 1158 partem
1093 1096 1150 1160 po-

164 1171 255 1244 pulus
272 1167 421 1230 ostendit:
444 1168 504 1228 hoc
527 1169 613 1242 scito,
635 1167 702 1227 istic
717 1167 903 1226 tantumdem
918 1181 990 1227 esse
1004 1167 1149 1230 vitiorum

134 1253 311 1329 2quantum
325 1251 488 1313 hominum.
517 1251 598 1312 lntcr
617 1251 693 1312 istos
709 1265 788 1326 quos
803 1255 925 1324 togatos
942 1252 1045 1326 vides,
1066 1254 1151 1313 nulla
1171 1261 1175 1266 '

164 1353 227 1412 pax
248 1343 309 1397 est:
332 1337 407 1396 alter
421 1337 450 1395 in
466 1335 590 1396 alterius
605 1335 729 1396 exitium
749 1335 810 1394 levi
828 1333 1001 1410 conpendio
1016 1334 1149 1396 ducitur.

164 1421 238 1481 nulli
252 1419 311 1480 nisi
327 1435 366 1479 ex
378 1419 503 1480 alterius
518 1417 628 1479 iniuria
639 1423 785 1492 quaestus
797 1425 853 1477 est.
876 1418 994 1478 felicem
1008 1419 1147 1492 oderunt,

163 1503 315 1564 infelicem
331 1509 536 1563 contemnunt.
559 1503 704 1562 maiorem
718 1507 897 1576 patrantur,
912 1501 1019 1562 minori
1034 1515 1148 1577 graves

161 1593 245 1648 sunt.
269 1587 400 1652 diuersis
414 1585 603 1646 stimulantur
615 1584 841 1659 cupiditatibus.
862 1585 1148 1660 omniaperdltaob

134 1681 136 1686 ’
163 1672 262 1730 levem
279 1671 463 1744 voluptatem
479 1667 688 1744 praedamque
703 1669 839 1744 cupiunt.
859 1683 921 1729 non
936 1669 995 1729 alia
1009 1685 1100 1745 quam
1115 1671 1148 1731 in

164 1753 237 1815 ludo
259 1753 439 1828 gladiatorio
460 1751 522 1812 vita
542 1761 590 1813 est
612 1769 680 1812 cum
702 1752 800 1812 isdem
821 1751 987 1813 viventium
1008 1767 1148 1829 pugnan-

133 1835 309 1912 3tiumque.
331 1833 475 1897 Ferarum
488 1836 545 1896 iste
557 1843 725 1897 conventus
741 1841 797 1908 est,
813 1834 873 1895 nisi
888 1837 969 1910 qnod
986 1837 1054 1896 illae
1068 1835 1149 1897 inter

164 1935 199 1981 se
213 1920 353 1999 placidae
369 1927 440 1981 sunt
454 1935 620 1995 morsuque
642 1919 782 1980 similium
804 1919 969 1994 abstinent,
991 1921 1020 1980 hi
1042 1927 1148 1982 mutua

163 2005 348 2064 laceratione
363 2003 519 2063 satiantur.
542 2004 602 2063 hoc
616 2012 715 2063 autem
729 2019 791 2063 uno
807 2003 846 2062 ab
860 2004 1039 2066 animalibus
1054 2005 1147 2066 nrutis

165 2087 324 2161 differunt,
343 2088 426 2161 quod
441 2087 492 2146 illa
506 2093 724 2148 mansuescunt
738 2086 902 2162 alentibus,
918 2087 1026 2148 horum
1042 2088 1146 2148 rabies

164 2171 251 2246 ipsos
267 2169 411 2245 aquibus
427 2178 474 2231 est
489 2169 613 2244 nutrita,
629 2169 814 2245 depascitur.
896 2225 898 2232 .

138 2251 152 2302 t
226 2253 275 2312 lll.
303 2253 473 2330 Numquam
489 2253 579 2314 irasci
602 2253 722 2315 desinet
742 2255 883 2330 sapiens,
906 2251 933 2314 si
955 2256 1050 2314 semel
1073 2266 1132 2316 coe

163 2333 256 2412 perita
272 2337 375 2398 amnia
389 2339 556 2398 sceleribus
572 2353 608 2397 ac
624 2337 703 2398 titiis
721 2338 810 2413 plena
825 2346 904 2398 sunt.
927 2339 995 2412 plus
1009 2340 1146 2398 commit-

162 2419 234 2481 titur
254 2435 344 2496 quarn
367 2421 451 2496 quod
472 2422 572 2497 possit
593 2421 778 2483 coercitione
793 2421 906 2481 sanari.
940 2421 1078 2483 Certatur
1099 2423 1146 2480 in·
1258 2437 1259 2488 ι

161 2505 245 2578 genti
261 2503 384 2581 quidem
398 2506 552 2582 nequitiae
566 2505 743 2565 certamine=
758 2505 855 2565 maior
870 2504 981 2566 cotidie
994 2505 1145 2580 peccandi
1258 2495 1259 2540 ³

161 2587 324 2664 cupiditas,
339 2587 438 2648 minor
449 2587 634 2649 verecundia
645 2595 701 2648 εει.
722 2587 861 2664 Expulso
873 2589 1007 2649 melioris
1020 2590 1146 2663 aequio-

162 2672 267 2746 risque
282 2677 438 2748 respeotu,
461 2687 655 2748 quocumque
669 2669 770 2732 visum
785 2680 833 2732 est
846 2670 940 2733 libido
956 2685 991 2731 se
1005 2671 1145 2747 inpingit,

164 2769 222 2813 nec
243 2755 352 2814 furtiva
373 2755 431 2815 iam
447 2757 565 2815 scelera
579 2762 664 2816 sunt:
686 2765 807 2831 praeter
822 2756 930 2816 oeulos
946 2763 1032 2830 eunt,
1049 2754 1145 2816 adeo·
1257 2809 1258 2818 ,

164 2838 268 2912 quein
286 2837 439 2912 publicum
455 2840 550 2899 missa
564 2837 699 2914 nequitia
713 2845 761 2900 εει
775 2847 805 2901 ει
818 2839 848 2900 in
865 2839 998 2900 omnium
1013 2841 1147 2914 pectori-
1257 2861 1258 2919 ,

131 2919 221 2980 ebus
242 2920 369 2996 evaluit,
391 2926 424 2982 nt
443 2921 692 2984 innocentianam
708 2939 787 2997 rara,
803 2924 858 2983 sed
872 2923 953 2983 nulla
968 2923 1015 2982 sit.
1050 2923 1145 2983 Num·

163 3001 236 3078 quid
252 3005 330 3064 enim
346 3004 457 3079 singuli
472 3013 524 3066 aut
538 3006 628 3080 pauci
643 3021 755 3082 rupere
772 3008 893 3081 legeint
911 3007 1046 3081 undique
1061 3008 1147 3068 velut
1256 3065 1257 3078 ,

161 3087 252 3162 signo
269 3087 340 3149 dato
356 3089 394 3148 ad
409 3089 457 3148 ics
473 3090 623 3164 neiasque
637 3091 827 3150 miscendum
844 3089 940 3150 coorti
955 3095 1035 3150 sunt.

353 3169 418 3236 Non
433 3173 538 3249 ltospes
551 3175 589 3234 ob
602 3175 714 3250 bospite
726 3181 816 3248 tutes,

202 3267 260 3314 non
275 3269 358 3316 socer
372 3271 522 3331 coenem.
547 3257 682 3331 fratrum
696 3269 809 3333 qaoque
819 3261 920 3332 praua
933 3269 1010 3318 cccc
1025 3262 1078 3318 est.

202 3339 323 3398 inminet
338 3343 428 3402 cxittb
441 3343 488 3401 cir
499 3345 645 3415 couapu,
660 3345 714 3402 c'lta
727 3342 835 3400 munite

200 3421 305 3482 lurido
318 3423 462 3486 cauditus
475 3427 597 3485 miscent
609 3428 726 3486 aconita
740 3435 892 3485 nmcrcac.

197 3506 364 3576 [iliasubit
375 3507 452 3569 diem
460 3509 580 3585 patrias
594 3511 718 3583 incpedit
729 3511 760 3568 ιιι
774 3507 876 3569 ancos.
