2528 3906
124 258 131 274 ’
265 265 418 326 Dinnv.
451 266 502 326 DE
522 267 592 328 IRA
612 267 684 327 LIB.
705 267 756 326 111.
776 276 908 332 417-43.
1015 267 1078 334 tlt

105 399 297 478 interventus
321 415 405 477 ierac
428 418 574 478 latronem
594 419 804 495 viatoremque
824 421 947 482 diducit.
975 426 1080 484 conlu-

105 502 182 562 ctari
195 516 266 561 cum
275 499 443 561 minoribus
454 501 541 562 malis
556 517 618 561 non
629 509 726 576 vacat,
741 503 793 564 ubi
808 511 906 564 metus
917 506 1014 567 maior
1027 509 1083 567 ad-

8 591 10 666 t
106 585 224 662 paruit=
247 583 321 659 quid
335 583 425 644 nobis
439 598 509 668 cum
522 583 716 646 dimicatione
731 595 762 646 et
774 586 916 648 insidiis?
935 591 1082 665 numquid

8 679 9 684 ’
106 667 241 744 amplius
255 667 306 727 isti
320 668 370 728 cui
384 666 538 739 irasceris,
561 684 653 742 quarn
667 677 794 744 mortem
810 677 920 744 opust
941 673 1030 732 etiam
1052 679 1082 732 te

106 752 288 828 quiescente
309 749 462 810 morietur.
486 751 590 826 perdis
604 767 732 826 operas:
753 755 855 812 lacere
869 753 916 814 vis
936 756 1020 829 quod
1036 757 1080 815 lu-

105 845 207 897 turum
222 841 279 894 est.
299 834 406 908 „Nolo‚
423 833 534 909 inquis,
550 833 655 910 utiquc
670 837 820 918 occidere,
837 838 893 896 sed
908 839 1008 910 exilio,
1026 839 1116 900 sede

104 917 283 994 ignominia,
304 918 360 976 sed
376 917 488 978 damno
503 917 667 978 adiicere.“‘
699 919 798 995 Magis
819 919 947 995 ignosco
968 923 1005 995 ei,
1029 923 1082 996 qui

102 1005 217 1064 volnus
238 1000 349 1060 inimici
372 1017 464 1076 quarn
481 1001 532 1077 qui
548 1003 689 1076 pusulam
709 1005 913 1078 concupiscit=
933 1004 982 1064 hic
1002 1007 1082 1066 enim

104 1103 167 1148 non
182 1091 297 1145 tantum
314 1085 384 1146 mali
399 1085 491 1146 animi
511 1091 567 1158 est,
589 1086 645 1144 sed
666 1087 776 1162 pusilli.
817 1087 889 1148 Sive
910 1088 949 1148 de
971 1090 1081 1150 ultimis

105 1166 271 1246 suppliciis
287 1169 404 1243 cogitas
419 1168 485 1228 sive
500 1169 540 1228 de
554 1169 735 1230 levioribus:
752 1172 931 1246 quantulum
946 1181 994 1234 est
1008 1181 1081 1233 tcm-

105 1255 201 1331 poris,
220 1269 282 1327 quo
304 1259 356 1312 aut
374 1253 424 1312 ille
445 1267 547 1327 poena
569 1269 627 1312 sua
647 1259 824 1328 torqueatur
843 1262 896 1314 aut
916 1261 949 1316 tu
970 1257 1081 1317 malum

103 1337 252 1414 gaudium
267 1352 305 1395 ex
317 1337 417 1396 aliena
428 1334 604 1412 percipias?
625 1337 686 1395 lam
702 1337 792 1397 istum
807 1337 945 1412 spiritum
956 1341 1081 1414 exspui·
1211 1405 1214 1408 ,

103 1437 173 1483 mus
189 1420 317 1493 interim,
334 1419 406 1480 dum
421 1419 578 1480 trahimus.
619 1420 698 1480 Dum
718 1420 796 1481 inter
810 1420 949 1482 homines
965 1439 1081 1496 sumus,
1095 1429 1116 1481 5

98 1507 244 1567 'colamus
259 1502 485 1578 humanitatem,
507 1519 568 1563 non
589 1503 688 1565 timori
703 1504 853 1578 cuiquam,
868 1521 929 1565 non
945 1507 1081 1582 periculo

103 1593 212 1651 simus.
243 1587 432 1661 detrimenta,
453 1585 589 1661 iniuriae,
612 1587 761 1661 convicia,
779 1587 986 1650 vellicationes
1009 1605 1081 1650 con-

101 1682 275 1734 temnamus
297 1680 327 1731 et
346 1685 457 1746 magno
479 1671 580 1732 animo
600 1671 705 1731 brevia
726 1673 858 1732 ieramus
879 1671 1081 1734 incommoda:

101 1757 182 1818 Dum
196 1753 392 1828 respicimus,
409 1754 492 1829 quod
507 1754 599 1829 aiunt,
621 1771 844 1830 versamusque
857 1773 925 1831 nos,
940 1757 1083 1818 inmorta-
1131 1821 1134 1829 ¹

102 1841 173 1900 litas
189 1837 296 1898 aderit.

498 1988 705 2005 u———p-—u

403 2150 437 2232 ln
460 2147 599 2232 tttttt
619 2146 789 2230 tillut

267 2281 640 2382 nlnntcouun
670 2283 932 2378 nlnunu.

492 2435 536 2486 no
555 2435 705 2486 nnuman

436 2559 479 2624 llll
497 2556 762 2624 tonsolllttrlll.

532 2699 662 2708 .—

170 2825 193 2883 l.
216 2825 281 2885 Nisi
294 2833 333 2896 te,
348 2827 471 2898 Marcie,
487 2825 597 2885 scirem
608 2831 669 2883 tam
681 2824 772 2896 longe
784 2820 821 2880 ab
834 2817 1006 2880 infirmitate
1020 2833 1085 2877 mu-
1099 2830 1113 2880 l

105 2907 213 2969 liebris
235 2909 326 2968 animi
348 2925 439 2984 quam
460 2924 479 2968 a
498 2908 607 2970 ceteris
627 2907 708 2966 vitiis
733 2903 905 2964 recessisse
931 2909 967 2962 et
980 2916 1083 2962 mores

105 3000 179 3052 tuos
197 2993 280 3052 velut
301 2992 423 3068 aliquod
440 2993 599 3066 antiquum
618 2989 775 3064 exemplar
795 2987 923 3063 adspici,
945 3002 1008 3047 non
1030 3001 1083 3045 au·

107 3077 213 3134 derem
226 3075 347 3136 obviam
360 3075 404 3134 ire
415 3075 513 3146 dolori
524 3083 586 3150 tuo,
602 3074 651 3134 cui
663 3073 719 3132 viri
731 3087 855 3146 quoque
869 3069 999 3130 libenter
1011 3066 1083 3128 hae·

106 3165 176 3218 rent
190 3165 220 3218 et
234 3159 387 3232 incubant,
403 3173 460 3224 nec
475 3174 563 3234 spem
578 3156 792 3232 concepissem
809 3163 870 3216 tam
884 3153 989 3228 iniquo
1008 3158 1084 3234 tem-

109 3257 196 3318 pore,
211 3238 273 3304 tarn
287 3243 407 3303 inimico
422 3241 530 3317 iudice,
544 3249 605 3302 tam
619 3238 772 3300 invidioso
785 3238 909 3298 crimine
923 3245 1084 3312 possetne

108 3327 244 3399 efficere,
259 3334 293 3386 ut
307 3327 458 3386 loctunam
473 3335 554 3387 tuam
568 3325 758 3384 absolveres.
786 3321 928 3382 fiduciam
943 3318 1016 3378 mihi
1031 3317 1084 3376 de-

107 3411 154 3472 dit
174 3413 366 3488 exploratum
387 3411 445 3470 iam
468 3409 562 3470 robur
582 3406 673 3468 enimi
695 3413 725 3466 et
744 3421 854 3479 magno
876 3403 1083 3478 experimento

107 3497 283 3570 adprobata
294 3495 389 3554 virtus
402 3501 463 3554 tua.
491 3493 557 3553 Non
568 3499 615 3552 est
628 3492 773 3566 ignotum,
791 3489 910 3562 qualem
925 3495 954 3545 te
969 3485 998 3542 in
1014 3495 1083 3554 per·
1098 3487 1118 3537 2
