2554 3888
84 203 87 210 *
113 231 115 236 ’
187 243 250 307 rro
367 243 402 302 n.
424 239 571 302 aunam
596 237 965 300 saracenorum.

186 396 275 472 ipsos
289 393 403 454 habere
424 392 508 468 quod
524 396 623 464 agant
644 395 674 448 et
688 387 796 449 alienis
811 387 1006 449 incrementis
1023 388 1175 450 inimicis-

186 477 264 540 simo
278 474 402 538 invidia.
434 473 487 535 alit
506 474 587 534 enlm
609 471 736 532 livorem
758 471 868 531 inlelix·
883 471 991 532 inertia
1010 480 1041 534 el
1061 488 1172 534 omnes

141 562 301 624 ildeslrui
317 561 453 635 cupiunt,
477 557 549 634 quia
563 572 599 618 se
614 571 675 616 non
695 562 823 631 potuere
837 555 1020 631 provehere.
1049 572 1090 616 ex
1110 555 1172 617 hac

184 646 296 706 deinde
317 641 512 704 aversatione
532 639 700 702 alienorum
713 655 916 713 processuum
931 647 962 700 et
975 655 1100 700 suorum
1116 641 1171 700 de·

184 729 362 804 speratione
378 724 557 788 obirascens
572 726 711 784 tortunae
731 721 851 783 enimus
868 731 897 782 et
912 724 951 782 de
965 725 1070 784 seculo
1094 739 1171 799 que-

184 830 257 874 rens
272 819 302 872 et
315 812 346 870 in
361 811 492 884 angulos
509 823 545 868 se
558 807 718 868 retrahens
734 814 764 866 ot
781 821 902 881 poenae
917 805 1067 868 incubans
1082 813 1170 881 suae,

186 897 258 956 dum
272 896 355 955 illum
369 893 473 953 taedet
487 892 534 952 sui
546 891 700 968 pigetque.
726 897 834 950 natura
846 889 926 950 enim
939 889 1091 952 humanus
1104 891 1171 950 ani-

192 996 257 1040 nrus
275 977 363 1054 agilis
378 981 467 1036 estet
482 991 600 1050 pronus
613 975 652 1034 ad
667 981 779 1034 motus.
808 981 895 1048 grata
910 975 1009 1035 omnis
1029 974 1069 1034 illi
1087 975 1171 1034 exci-

186 1060 273 1122 tandi
288 1077 323 1122 se
335 1058 595 1134 abstrahendique
606 1055 732 1118 materia
747 1065 802 1132 est,
818 1056 935 1134 gratior
945 1059 1089 1134 pessimis
1102 1055 1171 1132 qni·

185 1145 308 1220 busque
322 1139 461 1218 ingeniis,
478 1158 558 1217 quae
573 1140 825 1217 occupationibus
841 1141 969 1202 libenter
983 1141 1172 1215 deteruntur,

185 1236 219 1290 ut
232 1231 336 1289 ulcera
349 1226 498 1302 quaedam
510 1226 666 1286 nocituras
677 1241 785 1284 manus
797 1225 945 1300 adpetunt
959 1233 1081 1286 ellectu
1094 1239 1172 1300 geu·

186 1313 260 1372 dent
273 1318 304 1372 et
319 1311 441 1372 loedam
455 1325 617 1385 corporum
632 1309 767 1369 scabiem
780 1309 919 1381 delectat,
936 1309 1082 1383 quioquid
1097 1323 1172 1368 exa-

146 1404 307 1471 lssporal=
332 1411 393 1456 non
409 1393 496 1453 aliter
511 1391 640 1453 dixerim
655 1391 703 1452 his
719 1391 880 1466 mentibus,
896 1393 926 1451 in
949 1409 1027 1468 quas
1051 1391 1172 1467 cupidi·

185 1487 265 1540 tales
282 1479 364 1538 velut
376 1479 455 1537 mala
472 1478 575 1536 ulcera
587 1483 761 1551 eruperunt,
785 1475 934 1550 voluptati
945 1491 1017 1536 esse
1031 1475 1172 1535 laborem

187 1561 455 1636 vexationemque.
486 1568 556 1619 sum
578 1561 657 1618 enim
674 1559 835 1634 quaedam,
852 1575 933 1635 quae
954 1575 1069 1636 corpus
1092 1575 1171 1634 quo-

188 1662 249 1721 que
263 1651 401 1706 nostrum
413 1659 481 1703 oum
496 1643 629 1715 quodam
645 1644 753 1704 dolore
768 1643 928 1718 delectent,
944 1649 978 1703 ul
991 1659 1118 1702 versare
1134 1658 1173 1702 se

187 1735 218 1788 et
231 1735 349 1788 mutare
364 1726 501 1802 nondum
520 1727 634 1786 sessum
651 1727 740 1800 latus,
756 1734 787 1786 el
800 1727 860 1788 elio
875 1735 968 1802 atque
988 1727 1049 1787 alio
1064 1725 1173 1801 positu

186 1811 336 1872 ventilari.
366 1810 467 1888 qualis
488 1810 537 1869 ille
552 1811 732 1870 Homericus
746 1808 883 1871 Achilles
905 1819 961 1884 est,
982 1811 1075 1870 modo
1099 1827 1171 1884 pro-

188 1909 259 1970 nus;
271 1895 363 1956 modo
380 1893 521 1970 supinus,
543 1894 572 1952 in
587 1895 690 1954 varios
704 1892 826 1954 habitus
843 1910 877 1954 se
892 1894 961 1969 ipse
975 1910 1171 1969 conponens,

189 1979 274 2054 quod
289 1979 447 2056 proprium
468 1978 551 2051 aegri
572 1985 628 2051 est,
650 1977 723 2037 nillil
745 1977 798 2040 diu
819 1977 882 2052 pati
902 1985 931 2038 et
951 1977 1171 2038 mutationibus

147 2066 221 2123 lsut
233 2063 378 2122 remediis
394 2062 446 2122 uti.
475 2061 550 2120 Inde
566 2061 828 2136 peregrinationes
845 2062 1054 2137 suscipiuntur
1070 2077 1171 2135 vagae

188 2153 219 2206 et
232 2145 320 2205 litora
334 2151 530 2220 pererrantur
544 2151 574 2205 et
588 2145 680 2205 modo
695 2145 770 2204 mari
784 2160 833 2217 se,¹
844 2145 937 2207 modo
952 2153 1034 2207 terra
1048 2145 1172 2219 experi-

187 2236 237 2288 tur
250 2244 374 2302 semper
388 2227 603 2302 praesentibus
618 2227 859 2292 inleslalevitas.
873 2229 960 2290 Nunc
971 2229 1171 2303 Campaniam

189 2318 340 2386 petemus.
374 2311 432 2370 iam
455 2310 586 2371 delicata
606 2312 729 2372 lastidlo
751 2319 830 2372 sunt.
860 2313 972 2374 inculta
993 2313 1171 2374 videantur:

187 2393 322 2455 Bruttios
338 2402 368 2455 et
381 2394 533 2454 Lucaniae
554 2397 649 2456 saltus
670 2411 902 2471 persequamur.
932 2397 1045 2472 aliquid
1067 2403 1171 2455 tamen

188 2479 266 2549 inter
287 2479 409 2539 deserta
421 2478 541 2540 amoeni
559 2481 746 2556 requiratur,
774 2480 888 2556 inquo
916 2479 1065 2541 luxuriosi
1088 2479 1172 2540 oculi
1275 2519 1276 2550 q

164 2561 165 2570 ’
188 2565 281 2638 longo
301 2565 439 2624 locorum
459 2562 644 2623 horrentium
666 2565 811 2639 squalore
831 2565 1021 2625 releventur=
1056 2563 1172 2622 ’laren-
1275 2565 1276 2616 1

187 2656 250 2707 turn
267 2653 387 2722 petatur
403 2647 608 2722 laudatusque
620 2654 728 2722 portus
743 2654 773 2706 et
786 2645 913 2708 hiberna
929 2649 1007 2708 coeli
1022 2643 1172 2706 mitioris*

188 2732 273 2805 regio
295 2732 343 2791 vel
364 2731 509 2806 aliliquae
536 2731 610 2791 satis
638 2731 782 2806 opulenta
802 2731 944 2792 turbae*
977 2731 1036 2792 iam
1064 2729 1172 2802 lleeta·

189 2831 257 2873 mus
281 2831 407 2874 cursum
429 2815 469 2873 ad
484 2815 608 2883 urbem.¹
629 2814 717 2876 nimis
740 2815 793 2874 diu
814 2831 833 2874 a
853 2817 965 2890 plausu
993 2823 1023 2874 et
1046 2815 1173 2890 fragore

189 2912 280 2956 aures
304 2906 498 2958 vacaverunt.
528 2899 684 2960 iuvatiam
709 2906 739 2958 et
762 2898 895 2960 humano
924 2897 1073 2974 sanguine
1100 2898 1171 2956 lrui.

151 2980 281 3039 tlAliud
302 2996 339 3039 ex
368 2983 427 3041 alio
449 2982 506 3040 iter
530 2982 695 3058 suscipitur
719 2989 750 3043 el
776 2985 955 3058 spectacula
982 2980 1172 3058 spectaculis
1274 3059 1275 3062 Ἴ

191 3070 352 3123 mutantur.
382 3072 416 3124 ut
431 3065 471 3124 ait
485 3066 660 3127 Lucretius:
1274 3077 1275 3080 ’

394 3149 459 3209 Hoc
475 3153 643 3225 sequique
655 3151 741 3212 modo
754 3168 871 3227 semper
881 3151 973 3225 fugit.
1049 3200 1056 3206 ,

154 3309 156 3313 ¹
191 3230 247 3290 sed
263 3231 335 3305 quid
352 3232 488 3306 prodest,
506 3233 532 3292 si
553 3249 614 3292 non
631 3233 758 3308 elingit?
786 3233 925 3311 sequitur
942 3250 977 3294 se
990 3235 1173 3309 ipseetur-
1274 3227 1275 3284 l

150 3320 241 3388 rogel
255 3313 456 3388 gravissimus
472 3331 587 3376 comes.
617 3317 723 3392 ltaque
738 3316 818 3378 scire
834 3318 982 3378 debemus
1001 3335 1062 3378 non
1084 3318 1172 3377 loco·
1274 3307 1275 3336 ²

190 3415 256 3456 rum
274 3397 376 3457 vilium
391 3413 462 3457 esse
478 3415 539 3473 quo
554 3400 739 3475 laboramus,
755 3401 809 3461 sed
826 3401 1105 3463 nostrum2'inlirmi
1118 3417 1173 3461 su·

76 3541 78 3546 ,
192 3497 259 3540 rrius
274 3481 311 3540 ad
329 3496 417 3570 omne
438 3482 645 3556 tolerandum,
667 3497 725 3543 nec
743 3485 858 3546 laboris
870 3484 1019 3562 patientes
1034 3499 1092 3545 nec
1117 3502 1173 3544 vo-
