2522 3906
191 227 237 294 64
487 229 521 289 L.
543 227 690 289 ANNAEI
712 227 887 288 SENECAE

194 401 257 446 non
273 383 441 446 mitioribus
455 383 563 444 animis
577 383 652 442 vitia
661 382 778 443 leniora
793 381 955 443 coniuncta
969 388 1049 456 sunt,
1070 388 1104 442 ut
1120 382 1177 443 mi·
1255 389 1256 392 ’

193 467 365 530 serioordia
379 475 409 530 et
423 483 509 528 amor
523 474 553 528 et
565 466 774 528 verecundia?
802 466 910 541 ltaque
930 481 1026 540 saepe
1047 465 1100 526 tibi
1120 467 1177 527 bo·

194 567 265 612 nam
279 551 413 612 indolem
427 551 514 612 malis
530 565 653 626 quoque
667 551 732 610 suis
748 549 919 625 ostendam.
951 548 1007 609 sed
1027 566 1089 610 non
1105 549 1178 610 ideo

160 633 266 695 avitia
280 651 342 696 non
364 642 449 708 sunt,
471 633 498 694 si
518 641 645 695 naturae
664 633 799 694 melioris
814 633 927 700 indicia
941 639 1022 694 sunt
1059 633 1179 694 Deinde

194 733 301 779 omnes
322 719 399 780 istae
425 717 542 778 ienitate
561 717 677 778 liberae
696 723 804 792 gentes
825 718 948 778 leonum
970 717 1178 792 luporumque

193 803 253 862 ritu
267 809 300 862 ut
315 803 431 863 servire
447 817 507 861 nou
523 809 670 876 possunt,
691 801 732 861 ita
745 815 803 860 nee
816 799 978 876 imperare.
1011 816 1073 880 non
1095 801 1177 860 enim

193 885 315 946 humani
330 884 392 945 vim
406 883 528 960 ingenii,
544 885 601 946 sed
615 885 670 944 ieri
684 892 714 946 et
728 881 925 946 intractabilis
940 882 1062 944 habent.
1084 899 1175 945 nemo

162 975 294 1028 dautem
309 984 416 1043 regere
433 975 534 1043 potest
549 967 607 1036 nisi
624 967 676 1043 qui
692 975 722 1028 et
735 967 809 1042 regi.
840 967 918 1026 Fere
932 966 1035 1042 itaque
1047 967 1177 1042 imperia
1256 1039 1257 1054 χ

193 1067 290 1126 penes
306 1067 361 1111 eos
377 1053 462 1111 luere
485 1053 633 1127 populos
655 1052 707 1127 qui
728 1051 846 1111 mitiore
864 1052 951 1112 coelo
972 1057 1106 1110 utuntur.
1143 1052 1175 1110 in
1256 1063 1257 1126 p

193 1134 307 1209 frigora
321 1133 631 1210 septemtrionemque
642 1134 837 1210 vergentibus
849 1134 1041 1195 inmansueta
1051 1133 1176 1208 ingenia
1256 1139 1257 1190 l

193 1225 272 1292 sunt,
288 1225 321 1279 ut
334 1219 376 1279 ait
390 1225 491 1294 poeta,
1256 1231 1257 1252 ¹

496 1318 605 1378 suoque
617 1305 765 1363 simillima
778 1305 867 1364 coelo.
1126 1369 1128 1374 ,

162 1392 179 1444 i
253 1385 333 1445 XVI.
363 1385 542 1459 „Animalia
559 1385 664 1462 inquit,
679 1386 919 1460 generosissima
932 1383 1091 1457 habentur,
1106 1385 1173 1458 qui·
1256 1415 1257 1454 3

191 1468 249 1528 bus
265 1471 390 1532 multum
405 1470 485 1528 inest
499 1470 595 1528 irae.“
631 1469 720 1528 Errat
741 1468 793 1543 qui
815 1468 902 1528 eain
923 1469 1097 1543 exemplum
1118 1467 1174 1529 ho-

191 1551 281 1611 minis
296 1552 428 1625 abducit,
444 1553 556 1626 quibus
572 1569 628 1626 pro
639 1551 758 1613 ratione
773 1559 821 1612 est
835 1551 974 1627 inpetusr
988 1550 1104 1612 homini
1115 1567 1173 1626 pro

189 1635 296 1708 inpetu
310 1633 388 1693 ratio
404 1642 460 1694 est.
484 1633 546 1694 Sed
562 1651 601 1694 ne
615 1637 674 1694 illis
690 1634 814 1710 quidem
829 1632 970 1696 omnibus
986 1633 1067 1694 idem
1079 1636 1174 1710 prod-

190 1725 253 1777 est:
279 1717 437 1777 iracundia
451 1719 557 1778 leones
573 1719 711 1792 adiuvat,
732 1734 831 1792 pavor
850 1734 976 1792 cervos,
996 1717 1175 1794 accipitrem

157 1799 324 1875 ‘impetus
341 1801 512 1862 columbam
528 1803 608 1877 iuga.
642 1802 728 1875 Quid,
742 1802 825 1878 quod
837 1818 876 1862 ne
891 1801 965 1862 illud
980 1801 1104 1878 quidem
1119 1818 1174 1862 ve·

190 1891 334 1958 nomast,
352 1885 466 1960 optima
481 1885 707 1960 animaliaesse
721 1885 978 1947 iracundissimo?
1008 1885 1091 1946 ieras
1115 1903 1173 1962 pu·

187 1975 265 2039 tem,
283 1969 395 2042 quibus
414 1983 452 2028 ex
466 1977 555 2042 raptu
570 1969 712 2028 alimenta
726 1977 812 2044 sunt,
833 1970 975 2030 meliores
992 1985 1053 2045 quo
1069 1968 1171 2030 iratio-

189 2067 250 2110 res.
295 2053 470 2125 patientiam
499 2051 686 2111 laudaverim
714 2053 807 2113 boum
836 2059 867 2113 et
888 2068 1036 2129 equorum
1066 2054 1172 2114 frenos
1257 2111 1258 2120 ,

190 2135 393 2208 sequentium.
427 2133 506 2206 Quid
520 2141 567 2196 est
582 2141 685 2195 autem
698 2149 754 2196 eur
766 2135 922 2198 hominem
936 2135 976 2196 ad
993 2143 1055 2198 iam
1073 2136 1171 2198 infeli·
1257 2135 1258 2138 ’

190 2216 238 2274 eia
249 2219 391 2292 exempla
401 2231 619 2292 revoces,eum
630 2217 746 2279 habeas
754 2219 1171 2296 mundumdeumque,ouem

188 2315 229 2358 ex
249 2299 390 2362 omnibus
411 2300 592 2362 animalibus
617 2309 651 2362 ut
671 2303 757 2363 solus
778 2303 924 2375 imitetur,
944 2305 1033 2366 solus
1052 2303 1170 2364 intelle-

156 2383 251 2456 agita
281 2382 541 2460 „simplicissima
556 2384 671 2461 inquit,
687 2386 820 2448 omnium
834 2386 986 2448 habentur
999 2386 1171 2448 iracundi.“

187 2464 401 2529 Fraudulentis
422 2467 502 2528 euim
523 2477 554 2530 et
574 2471 707 2531 versutis
728 2479 935 2546 conparantur
959 2477 990 2531 et
1013 2471 1169 2547 simplices
1257 2543 1258 2548 ἵ

187 2550 342 2624 videntur,
371 2553 443 2627 quia
470 2554 603 2629 expositi
628 2560 708 2615 sunt
752 2570 832 2630 quos
858 2555 980 2630 quidem
1008 2571 1070 2616 non
1096 2553 1169 2614 sim-

90 2667 91 2672 1
187 2632 284 2708 plioes
305 2635 448 2711 dixerim,
471 2637 528 2698 sed
542 2637 692 2698 incautos.
736 2637 853 2713 stultis,
869 2637 1035 2700 luxuriosis
1049 2641 1169 2713 nepoti·

186 2717 308 2861 lgplshpipg
332 2720 392 2781 hoe
417 2735 527 2780 nomen
548 2721 722 2797 inponimus
744 2729 775 2782 et
795 2721 937 2783 omnibus
957 2721 1038 2782 vitiis
1059 2737 1169 2797 parum

92 2933 99 2946 ,
157 2893 173 2944 1
249 2883 343 2944 XVII.
377 2884 519 2958 ‚,0rator‚
543 2886 655 2962 inquit,
676 2889 770 2950 iratus
785 2889 951 2966 aliquando
966 2888 1168 2952 meliorest.⁴‘

185 2966 280 3028 Immo
295 2968 426 3028 imitatus
444 2969 560 3042 iratum.
590 2985 660 3030 nam
674 2979 704 3032 et
717 2970 881 3042 histriones
894 2973 924 3033 in
940 2973 1167 3048 pronuntiando

185 3066 248 3110 non
261 3051 328 3112 irati
344 3053 490 3126 populum
505 3061 642 3129 movent,
668 3056 722 3115 sed
746 3047 854 3117 iratum
874 3056 954 3117 bene
968 3062 1113 3131 agentem
1136 3065 1168 3118 et

184 3134 268 3208 apud
284 3133 403 3195 iudices
423 3133 526 3210 itaque
548 3143 578 3198 et
597 3137 627 3197 in
649 3139 798 3200 concione
818 3147 848 3202 et
867 3137 1054 3215 ubicumque
1075 3142 1167 3200 alieni

184 3217 275 3277 animi
300 3219 338 3277 ad
367 3224 505 3279 nostrum
531 3221 685 3282 arbitrium
710 3224 822 3297 agendi
847 3229 933 3296 sunt,
958 3225 1051 3284 modo
1079 3223 1165 3299 uam,

182 3299 275 3360 modo
299 3309 426 3376 metum,
452 3303 545 3364 modo
569 3305 808 3367 misericordiam
830 3314 864 3368 ut
884 3307 952 3368 aliis
971 3305 1165 3384 incutiamus

183 3381 244 3458 ipsi
259 3384 483 3461 simulabimus,
505 3395 535 3450 et
551 3403 647 3465 saepe
661 3388 692 3449 id
708 3391 791 3465 quod
805 3389 872 3450 ueri
886 3390 1025 3452 adiectus
1041 3407 1104 3451 non
1120 3393 1164 3452 el·

149 3468 336 3546 aleoissent,
352 3470 454 3532 effecit
467 3470 592 3534 imitatio
608 3474 789 3535 adfectuum.
825 3474 1038 3551 „Languidus,
1054 3475 1163 3553 inquit,
