2546 3890
167 185 229 264 sta
328 161 332 167 ’
453 201 486 260 u.
508 197 655 260 anunm
674 199 848 260 sennenn
918 198 922 205 ·

168 355 235 414 dior
255 359 318 414 est=
341 351 489 414 securitas
510 353 583 426 alta,
603 352 760 426 adfluens,
784 353 832 414 ius
848 369 942 428 supra
956 370 1077 414 onmem
1092 355 1138 415 in-

167 438 273 500 iuriam
292 438 435 512 positum.
464 436 644 496 obversatur
665 437 762 497 oculis
782 438 950 498 laetissima·
967 439 1064 498 lorma
1078 441 1160 499 rei--

170 520 324 596 publicae,
341 521 389 580 cui
403 521 441 579 ad
457 535 603 580 summam
618 519 784 580 libertatern
795 519 869 580 nihil
880 521 967 581 deest
977 521 1036 581 nisi
1049 521 1138 597 pere-

140 604 242 673 oundi
272 603 402 664 licentia.
441 603 608 678 Praecipue
635 611 734 663 tamen
761 605 898 679 aequalis
922 604 962 664 ad
986 605 1137 666 maximos

168 688 308 762 imosque
325 687 461 762 pervenit
476 687 652 746 clementiae
665 692 735 746 tuae
749 687 917 748 admiratio.
941 695 1042 748 cetera
1056 689 1137 748 enim

167 771 250 832 bona
270 787 327 845 pro
349 771 489 846 portione
510 771 647 831 fortunae
668 785 744 830 suae
764 772 895 846 quisque
909 772 1001 832 sentit
1017 770 1068 831 aut
1082 787 1136 831 ex-

168 861 288 929 spectat
311 854 426 914 maiora
450 852 648 928 minoraque:
681 870 720 912 ex
744 855 902 913 clementia
926 869 1033 915 omnes
1055 855 1137 916 idem

168 945 307 1012 sperant,
330 952 386 995 nec
401 944 448 996 εει
462 936 639 1010 quisquam,
662 937 710 995 cui
723 944 781 996 tam
793 937 882 996 valde
893 935 1067 997 innocentia
1080 955 1150 998 sua·

168 1023 301 1094 placeat,
324 1027 437 1080 utnon
458 1020 588 1080 starein
609 1027 777 1094 conspectu
797 1021 985 1079 clementiam
1000 1029 1138 1096 paratam

167 1103 307 1164 humanis
322 1103 476 1164 erroribus
492 1103 633 1176 gaudeat.
884 1101 889 1109 '

137 1207 152 1256 1
228 1188 265 1246 ll.
287 1187 383 1246 Esse
404 1193 528 1246 autem
550 1186 704 1261 aliquos
726 1187 822 1258 scio,
844 1189 908 1262 qui
930 1189 1136 1248 clementia

169 1270 375 1344 pessimum
398 1283 583 1346 quemque
605 1277 741 1344 putent
762 1270 966 1342 sustineri,
991 1273 1136 1346 quoniam

168 1353 227 1414 nisi
247 1361 319 1428 post
338 1353 450 1412 crimen
466 1368 659 1427 supervacua
672 1361 720 1413 est
733 1360 763 1413 et
777 1354 845 1412 sola
858 1354 934 1413 haec
949 1354 1042 1414 virtus
1058 1355 1135 1413 inter

168 1437 345 1497 innocentes
361 1443 482 1498 cessat>
508 1435 570 1496 Sed
582 1437 710 1511 primurn
725 1437 856 1496 omniurn
871 1438 951 1497 sicut
966 1437 1135 1496 medicinae

168 1521 252 1594 apud
272 1536 382 1595 aegros
398 1535 490 1588 usus,
514 1519 602 1579 ctiam
617 1519 700 1594 apud
714 1535 807 1580 sanos
822 1519 922 1581 honor
936 1527 997 1593 est,
1017 1521 1058 1581 ita
1074 1522 1134 1578 cle·

168 1603 309 1664 mantiam
321 1604 458 1678 quamvis
477 1617 576 1676 poena
590 1602 673 1677 digni
685 1603 839 1676 invocent,
855 1605 944 1664 etiam
955 1605 1134 1663 innocentes

168 1688 280 1746 colunt.
299 1686 415 1746 Deinde
426 1686 517 1745 lrabet
528 1685 604 1746 haec
615 1686 644 1746 in
654 1701 918 1762 personaquoque
928 1686 1135 1746 innocentium

167 1769 282 1841 locum,
302 1768 372 1844 quia
385 1769 503 1829 interim
516 1771 635 1829 fortuna
648 1786 702 1844 pro
715 1769 806 1844 culpa
816 1777 864 1830 εει
874 1785 931 1829 nec
942 1769 1136 1830 innocentiae

167 1860 281 1913 tantum
303 1853 461 1912 clementia
480 1851 643 1926 succurrit,
666 1853 722 1912 sed
742 1869 837 1927 saepe
850 1853 967 1927 virtuti,
990 1852 1135 1927 quoniam

170 1936 291 2011 quidem
312 1937 491 1998 condicione
510 1944 679 2010 temporum
701 1935 836 1996 incidunt
856 1935 1025 2011 quaedam,
1054 1949 1136 2010 quae

137 2035 154 2087 s
168 2020 289 2094 possint
302 2021 424 2080 laudata
435 2019 543 2093 puniri.
571 2020 669 2079 Adice
680 2019 764 2093 quod
775 2035 883 2094 magna
895 2035 967 2094 pars
978 2019 1135 2079 hominum

169 2111 229 2174 est,
253 2119 332 2176 quae
346 2102 456 2162 reverti
470 2103 510 2161 ad
524 2103 725 2162 innocentiam
742 2101 848 2176 possit.
882 2101 944 2162 Sed
958 2119 1020 2162 non
1033 2107 1135 2160 tamen

168 2187 260 2260 volgo
282 2187 443 2260 ignoscere
464 2187 561 2244 decet.
598 2201 667 2244 nam
688 2185 738 2244 ubi
759 2187 920 2244 discrimen
941 2187 1019 2245 inter
1036 2187 1134 2244 malos

168 2271 329 2342 bonosque
351 2269 502 2328 sublatum
523 2276 584 2342 est,
613 2269 752 2330 conlusio
777 2268 915 2343 sequitur
939 2269 1134 2328 elvitiorum

169 2351 303 2426 eruptio:
326 2353 427 2426 itaque
441 2351 614 2412 adhibenda
628 2353 794 2412 moderatio
810 2359 871 2425 est,
892 2367 972 2427 quae
985 2351 1136 2411 sanabilia

168 2435 288 2510 ingenia
310 2434 495 2509 distinguere
517 2451 536 2495 a
558 2436 722 2509 deploratis
745 2437 835 2508 sciat,
858 2449 914 2494 nec
929 2435 1134 2508 promiscuam

167 2519 280 2578 habere
304 2535 341 2578 ac
366 2521 521 2593 uolgarem
546 2518 732 2580 clementiam
754 2525 875 2592 oportet
893 2533 951 2578 nec
970 2518 1133 2576 abscisam.

168 2619 237 2664 narn
260 2609 321 2662 tam
348 2601 488 2662 omnibus
509 2602 669 2676 ignoscere
690 2602 850 2662 crudelitas
871 2609 918 2662 est
939 2616 1028 2676 quam
1050 2599 1133 2660 nulli.

166 2686 291 2746 Modum
313 2693 417 2746 tenere
438 2685 594 2745 debemus.
622 2685 679 2744 sed
701 2686 772 2759 quia
786 2685 908 2746 difficile
923 2691 970 2742 est
983 2689 1134 2757 tempera·

167 2776 312 2838 mentum,
342 2769 488 2843 quicquid
509 2783 608 2843 aequo
631 2771 700 2842 plus
722 2769 851 2829 futurum
874 2775 930 2842 εει,
960 2768 990 2825 in
1017 2772 1133 2840 partem

166 2852 372 2912 humaniorem
387 2851 619 2926 praeponderet.

135 2951 149 3004 l
227 2936 276 2994 lll.
301 2928 363 2994 Sed
375 2935 452 2994 haec
462 2951 520 2994 suo
532 2936 601 2994 loco
613 2935 721 2996 melius
734 2937 879 2996 dicentur.
901 2935 987 2994 Nunc
1002 2935 1037 2992 in
1051 2941 1133 2994 tres

166 3025 298 3094 partes
316 3034 461 3078 omnem
483 3019 580 3078 hano
597 3018 988 3078 materiomdividam=
1012 3016 1134 3092 prima

166 3103 240 3161 erit
265 3101 595 3162 manumissionis.
627 3102 812 3174 secunda,
842 3116 939 3176 quae
961 3107 1133 3160 naturam

165 3185 396 3246 clementiae
422 3185 670 3260 habitumque
699 3185 950 3244 demonstrem
978 3196 1133 3242 namcum

165 3268 226 3327 sint
235 3267 309 3327 vitia
320 3267 470 3342 quaedam
481 3267 606 3329 virtutes
617 3267 770 3338 imitantia,
786 3283 846 3326 non
860 3273 992 3342 possunt
1003 3265 1130 3336 secerni,

165 3350 223 3408 nisi
233 3349 330 3422 signa,
344 3348 453 3422 quibus
462 3349 687 3422 dignoscantur,
699 3351 891 3425 inpresseris.
912 3347 1029 3409 tertio
1045 3349 1132 3406 loco

64 3446 68 3454 ’
165 3446 415 3504 quaeramuS,
441 3433 630 3505 quomodo
658 3433 704 3492 ad
724 3432 821 3493 hanc
842 3434 1020 3492 virtutem
1044 3445 1132 3506 per-
