2528 3906
180 272 224 338 94
456 275 490 334 L.
511 275 658 335 ANNAEl
680 271 856 335 SENECAE

183 433 266 492 nulla
282 431 419 504 eruditio,
435 399 536 489 nullus
554 429 707 489 literarum
721 430 820 489 cultus
836 429 990 489 inbuerat=
1007 429 1088 491 dabo
1104 428 1160 490 tibi
1255 497 1256 508 ,

182 531 220 574 ex
237 514 410 574 Aristotelis
429 515 499 574 sinu
512 529 616 588 regem
629 511 849 585 Alexandrum,
874 513 926 587 qui
941 511 1046 573 Clitum
1063 515 1159 574 caris-
1255 559 1256 598 ,

166 605 169 612 ’
182 598 291 658 simum
306 597 364 657 sibi
380 604 410 657 et
423 615 484 658 una
497 597 660 657 educatum
674 597 752 656 inter
766 597 874 671 epulas
890 597 1052 657 transfodit
1066 613 1160 658 manu
1218 670 1221 674 ,
1255 599 1256 670 ᾖ

183 681 304 756 quidem
322 697 388 754 sua,
411 697 517 757 parum
534 681 706 740 adulantem
722 688 752 740 11
771 681 857 756 pigre
878 695 917 740 ex
931 679 1101 741 Macedone
1122 697 1160 740 ac

150 765 277 829 alibero
293 766 323 824 in
331 763 485 825 Persicam
501 765 677 824 servitutem
693 771 908 824 transeuntem.
936 781 1004 822 nam
1017 764 1157 842 Lysima-
1255 773 1256 788 ¹

182 849 272 910 chum
287 863 386 922 aeque
408 849 585 908 familiarem
602 847 660 907 sibi
674 846 756 908 leoni
771 847 891 906 obiecit.
919 849 1067 923 numquid
1082 863 1158 922 ergo

180 932 229 991 hic
237 930 440 1010 Lysimachus
456 932 595 992 felicitate
613 931 744 1006 quadam
761 929 904 991 dentibus
916 931 1015 991 leonis
1030 933 1158 1006 elapsus

148 1026 165 1080 3
181 1015 220 1074 ob
236 1015 305 1089 hoo,
328 1015 480 1090 cumipse
495 1021 651 1090 regnaret,
675 1015 774 1076 mitior
796 1015 869 1074 11111
898 1013 972 1074 Nam
988 1015 1157 1090 Telespho-

179 1116 245 1158 rum
263 1099 417 1162 Rhodium
439 1100 566 1159 amicum
587 1115 677 1160 suum
698 1100 836 1174 undique
854 1099 1058 1173 decurtatum,
1087 1114 1158 1158 cnm

180 1199 271 1242 aures
293 1183 334 1242 illi
356 1199 527 1258 nasumque
551 1183 749 1256 abscidisset,
773 1183 802 1242 in
823 1198 917 1242 cavea
938 1181 1021 1243 velut
1040 1199 1180 1244 novum-

181 1267 291 1326 animal
305 1268 432 1342 aliquod
448 1275 477 1326 et
492 1267 670 1329 inusitatum
686 1268 738 1327 diu
753 1267 843 1342 pavit,
868 1283 936 1326 eum
952 1267 1014 1326 oris
1032 1266 1157 1327 detrun·

180 1349 239 1410 cati
253 1352 442 1426 mutilatique
458 1351 634 1412 deformitas
653 1351 815 1411 humanam
831 1349 939 1410 faciem
960 1349 1157 1425 perdidisset.

179 1433 347 1495 accedebat
364 1437 461 1495 fames
479 1443 508 1496 et
523 1436 649 1510 squalor
668 1441 697 1494 et
713 1434 843 1494 inluvies
865 1435 1005 1508 corporis
1025 1433 1055 1492 in
1078 1441 1157 1494 ster·

147 1520 164 1573 t
180 1533 252 1578 core
267 1535 324 1578 suo
342 1519 485 1579 destituti.
513 1519 637 1579 callosis
654 1533 749 1592 super
764 1519 841 1578 baec
855 1517 984 1592 genibus
999 1517 1157 1578 manibus·

180 1617 248 1676 que,
267 1619 343 1674 quas
361 1603 395 1660 in.
404 1618 493 1662 usum
509 1602 621 1677 pedum
635 1603 795 1676 angustiae
806 1602 866 1661 loci
879 1603 1038 1676 cogebant,
1055 1602 1157 1661 lateri·

178 1685 236 1744 bus
253 1700 327 1746 vero
343 1684 456 1746 adtritu
469 1685 650 1746 exulceratis
663 1702 723 1746 non
739 1687 839 1746 minus
857 1685 948 1746 foeda
962 1701 1053 1761 quam
1068 1686 1157 1744 terri-

178 1767 248 1826 bilis
261 1776 326 1828 erat
340 1769 438 1830 forma
452 1769 704 1844 eiusvisentibuS,
720 1771 883 1843 factusque
895 1785 996 1844 poena
1004 1785 1156 1829 suamon-

179 1858 275 1912 strum
291 1852 532 1914 misericordiam
552 1849 676 1929 quoque
691 1855 850 1914 amiserat:
877 1859 977 1914 tamen
1000 1869 1068 1913 cum
1091 1853 1156 1912 dis-

179 1935 348 1998 simillimus
356 1944 441 1998 esset
454 1937 628 2012 hominiqui
642 1937 692 1997 illa
701 1939 880 2012 patiebatur,
897 1936 1075 1998 dissimilior
1090 1945 1158 1996 erut

178 2020 229 2094 qui
241 2018 379 2082 faciebat.
411 2053 420 2060 ι

148 2124 160 2174 1
239 2103 346 2162 xviri.
369 2103 490 2166 Utinam
510 2105 569 2164 ista
584 2102 711 2164 saevitia
733 2105 810 2164 intra
829 2105 989 2180 peregrina
1011 2107 1157 2179 exemplu
1255 2163 1256 2176 ,

177 2187 342 2248 mansisset
362 2204 419 2248 nec
445 2189 475 2246 in
493 2188 650 2248 Romanos
670 2204 773 2250 mores
795 2205 864 2248 cum
884 2187 951 2248 aliis
974 2188 1156 2248 adventiciis

179 2269 257 2330 vitiis
273 2271 361 2330 etiam
377 2270 596 2346 suppliciorum
619 2272 794 2348 irarumque
815 2272 957 2332 barbaria
976 2269 1154 2332 transisset!

176 2353 216 2412 Μ.
231 2351 327 2414 Mario
350 2355 398 2416 cui
414 2355 535 2416 vicatim
554 2357 689 2430 populus
710 2363 825 2416 statuas
841 2363 996 2432 posuerat,
1018 2355 1065 2414 oui
1089 2363 1157 2416 ture

177 2453 213 2496 ae
226 2437 320 2498 vino*
337 2439 539 2516 supplicabat,
554 2441 586 2498 L.
604 2437 688 2499 Sulla
704 2439 868 2516 praefringi
884 2456 981 2513 crura,
997 2439 1062 2498 erui
1079 2455 1155 2498 ocu-

176 2521 233 2594 los,
249 2525 397 2597 amputari
409 2539 517 2584 manus
532 2523 621 2584 iussit
635 2531 664 2582 11
676 2522 766 2598 quasi
780 2524 891 2584 totiens
908 2523 1060 2584 occideret
1076 2540 1155 2598 quo·
1255 2575 1256 2598 ,

175 2605 254 2666 tiens
275 2607 462 2680 vulnerabat,
478 2608 622 2684 paulatim
637 2613 667 2666 et
678 2623 733 2682 per
748 2607 885 2682 singulos
898 2615 981 2677 artus
996 2607 1154 2667 laceravit.
1255 2641 1256 2688 1

144 2700 161 2752 2
177 2689 250 2764 Quis
265 2698 330 2750 erat
344 2691 459 2765 [huius]
476 2689 594 2766 imperii
609 2690 766 2750 minister?
793 2691 861 2765 quis
877 2692 936 2751 nisi
951 2691 1078 2751 Catilina
1092 2691 1155 2751 iarn

175 2773 205 2832 in
221 2789 310 2834 omne
326 2775 444 2835 lacinus
466 2791 574 2834 manus
596 2780 766 2834 exercens?
794 2775 820 2835 is
839 2773 921 2834 illum
943 2783 1013 2836 ante
1027 2775 1152 2834 bustum

175 2857 209 2930 Q.
232 2857 328 2917 Catuli
349 2857 495 2934 carpebat
513 2858 713 2934 gravissimus
733 2857 884 2919 mitissimi
905 2858 961 2918 viri
986 2856 1155 2935 cineribus,
1255 2867 1256 2918 i

135 2952 138 2959 “
175 2956 269 3015 supra
284 2956 362 3014 quos
378 2943 425 3000 vir
438 2942 508 3000 mali
523 2943 664 3016 exempli,
679 2942 839 3017 popularis
853 2949 954 3002 tamen
968 2951 998 3002 et
1012 2959 1074 3002 non
1089 2951 1152 3003 tam
1255 2937 1256 2970 ³

174 3024 312 3084 inmerito
329 3041 420 3098 quam
434 3025 523 3085 nimis
536 3031 654 3084 amatus
670 3042 724 3102 per
736 3025 888 3086 stillicidia
904 3026 1085 3100 sanguinem
1097 3027 1153 3086 da-

173 3107 234 3166 bat.
257 3108 373 3184 Dignus
390 3117 454 3170 erat
464 3109 579 3169 illarius
595 3109 646 3184 qui
658 3109 709 3168 illa
722 3115 885 3184 pateretur,
901 3108 986 3171 Sulla
1001 3111 1054 3184 qui
1065 3111 1151 3171 iube-

173 3199 234 3264 ret,
257 3191 381 3253 Catilina
395 3193 447 3267 qui
462 3194 584 3268 laceret,
608 3193 664 3252 sed
678 3193 804 3269 indigna
816 3194 994 3268 respublica
1016 3210 1097 3270 quae
1120 3195 1152 3254 in

176 3291 291 3350 corpus
307 3293 395 3336 suum
410 3277 524 3352 pariter
538 3285 568 3337 et
581 3276 712 3336 hostium
728 3285 758 3338 et
771 3273 925 3338 vindicum
937 3278 1057 3354 gladios
1072 3281 1151 3338 reci·

141 3365 277 3432 aperet:
292 3359 369 3432 Quid
384 3361 509 3434 antiqua
523 3367 718 3434 perscrutor?
737 3363 830 3424 modo
846 3361 877 3420 C.
894 3362 1007 3422 Caesar
1022 3359 1152 3424 Sextum

173 3440 346 3518 Papinium,
372 3444 419 3503 cui
435 3450 523 3517 pater
537 3451 601 3504 erat
622 3445 802 3520 consularis,
824 3444 1002 3506 Betilienum
1015 3446 1153 3508 Bassum

174 3533 368 3600 quaestorem
382 3542 479 3599 suum,
496 3529 704 3601 procuratoris
716 3529 763 3588 sui
779 3529 882 3604 filium,
898 3531 1039 3606 aliosque
1055 3539 1087 3592 et
1100 3548 1150 3592 se·
