2522 3906
179 183 223 246 24
270 183 376 244 DIALr
394 183 431 242 11.
452 183 506 242 AD
523 131 708 242 SERENUM
722 179 796 240 NEC
811 179 992 240 lNlURIAM
1005 179 1080 239 NEC

181 353 269 396 suam
284 335 443 394 remixtam
459 333 527 392 cibo
545 333 691 408 perdidit:
716 347 867 392 venenum
889 333 961 392 illud
977 333 1079 394 dando
1096 349 1169 393 see·

181 421 235 480 leri
251 435 286 478 se
302 417 455 492 obligavit,
471 418 560 477 etiam
575 417 602 476 si
618 433 678 476 nou
694 417 805 475 nocuit.
822 433 884 476 nou
899 415 998 476 minus
1013 417 1089 489 latro
1107 424 1169 490 εει,

106 504 109 509 ’
182 505 269 564 cuius
298 505 390 562 telum
413 503 557 578 opposita
576 507 663 560 veste
683 502 801 560 elusum
824 508 879 560 est.
918 498 1024 560 Omnia
1045 502 1171 560 scelera

181 588 270 646 etiam
285 593 354 645 aute
369 585 511 645 ellectum
528 584 641 658 operis,
654 591 798 658 quantum
812 586 920 658 eulpae
932 584 1006 643 satis
1023 593 1077 658 est,
1094 600 1169 659 per·

151 667 261 730 electa
282 677 362 730 suut.
400 669 555 742 Quaedam
576 669 642 726 eius
665 667 855 729 condicionis
877 675 947 727 suut
967 675 997 728 et
1016 667 1074 728 hac
1095 669 1170 728 vice

181 751 379 830 copulantur,
406 760 438 812 ut
461 755 588 811 alterum
606 751 675 812 sine
696 753 791 811 altero
808 767 879 810 esse
895 751 1009 826 possit,
1037 754 1169 812 alterum

181 840 248 897 sine
262 839 357 898 altero
373 853 434 895 non
451 836 559 912 possit.
583 835 666 910 quod
683 833 752 894 dico
770 835 906 896 conabor
921 835 1022 894 iacere
1037 836 1168 895 manile-

181 928 270 982 stum.
292 919 421 981 Possum
433 921 531 994 pedes
547 935 680 992 movere,
695 927 728 979 ut
738 935 799 978 uon
815 935 949 978 curram=
965 933 1087 978 currere
1101 935 1168 979 non

181 1021 324 1080 possum,
355 1011 388 1064 ut
406 1005 503 1078 pedes
525 1020 586 1063 nou
608 1019 758 1062 moveam.
801 1019 944 1078 possum,
972 1005 1111 1078 quamvis
1133 1002 1169 1062 in

180 1105 262 1162 aqua
277 1089 349 1162 sim,
366 1105 427 1148 uon
442 1096 563 1148 natare:
594 1087 620 1146 si
635 1094 723 1160 nato,
738 1103 799 1147 non
815 1103 945 1162 possum
961 1086 990 1144 iu
1005 1104 1085 1164 aqua
1100 1103 1167 1146 non

149 1167 166 1222 6
181 1189 262 1232 εεεε.
299 1173 345 1230 Ex
360 1173 418 1232 hac
433 1179 517 1232 sorte
532 1178 561 1232 et
578 1171 638 1230 hoc
654 1177 701 1230 est
719 1172 757 1231 de
774 1189 835 1245 quo
852 1171 959 1246 agitur.
984 1171 1010 1230 si
1025 1171 1169 1230 iuiurmm

181 1258 297 1330 accepi,
313 1271 444 1316 neeesse
459 1263 506 1314 est
521 1257 631 1314 laetam
647 1271 728 1315 csse.
756 1255 783 1314 si
799 1261 846 1314 est
860 1255 955 1328 lacta,
971 1271 1032 1314 nou
1048 1263 1096 1314 est
1110 1271 1167 1326 ne-

182 1356 271 1400 cesse
292 1341 452 1415 accepisse
473 1355 531 1398 me.
567 1341 661 1399 multa
682 1339 761 1400 enim
783 1339 917 1398 incidere
933 1340 1069 1414 ¹possunt
1085 1353 1168 1413 quae

182 1425 384 1484 submoveant
404 1423 559 1484 iniuriam:
588 1429 622 1484 ut
642 1424 817 1483 intentatam
839 1439 960 1481 manum
976 1423 1098 1482 deicere
1110 1421 1167 1481 ali-

182 1509 250 1582 quis
268 1525 360 1568 casus
375 1513 479 1582 potest
490 1501 520 1566 et
530 1505 644 1566 emissa
653 1509 713 1566 tela
724 1507 886 1580 declinare,
900 1507 940 1565 ita
951 1507 1076 1566 iniurias
1089 1521 1169 1580 quau
1196 1521 1201 1529 ·

181 1592 480 1666 lescumque‘potest
496 1591 597 1664 aliqua
610 1606 661 1649 res
676 1591 825 1664 repellere
840 1598 870 1650 et
883 1591 913 1648 in
928 1589 1028 1650 medio
1044 1589 1167 1650 interci-

181 1691 266 1750 pere,
281 1681 314 1734 ut
329 1682 359 1734 ει
374 1675 472 1733 laetae
490 1673 550 1734 sint
564 1689 622 1732 nec
637 1679 792 1748 acceptae.

150 1757 166 1810 l
243 1757 322 1817 Vlll.
345 1757 506 1818 Praeterea
520 1757 633 1816 iustitia
643 1757 716 1816 nihil
731 1757 875 1818 iniustum
887 1757 950 1832 pati
963 1763 1075 1832 potest,
1092 1757 1168 1830 quia

181 1859 242 1902 non
260 1849 372 1902 coeunt
388 1840 548 1902 contraria.
585 1840 695 1900 iniuria
712 1846 890 1902 autemnon
907 1848 1010 1916 potest
1024 1840 1089 1900 fieri
1105 1840 1168 1900 nisi

181 1927 309 1986 iniuste:
340 1943 413 2000 ergo
437 1927 567 2000 sapienti
589 1923 698 1985 iniuria
719 1941 780 1986 nou
802 1932 906 2000 potest
926 1925 1001 1984 fieri.
1037 1925 1100 1984 Nec
1116 1932 1168 1984 est

183 2011 268 2084 quod
287 2009 421 2070 mireris:
437 2011 463 2068 si
480 2025 569 2069 nemo
587 2016 688 2083 potest
701 2009 743 2068 illi
757 2007 895 2069 iniuriam
912 2011 1021 2081 lacere,
1038 2025 1076 2068 ne
1092 2025 1167 2082 pro-

182 2093 276 2153 desse
298 2094 421 2168 quidem
444 2094 605 2168 quisquam
627 2099 737 2167 potest.
774 2101 804 2152 ει
826 2093 957 2168 sapienti
978 2093 1051 2152 nihil
1077 2093 1169 2152 deest

183 2173 266 2250 quod
280 2177 421 2251 accipere
436 2179 536 2251 possit
549 2178 618 2238 loco
634 2179 783 2250 muneris,
805 2185 835 2236 et
854 2179 952 2237 malus
974 2177 1046 2236 nihil
1062 2183 1168 2252 potest

181 2261 304 2334 dignum
319 2261 451 2320 tribuere
466 2261 613 2336 sapiente.
641 2261 755 2320 habere
771 2261 849 2322 enim
866 2263 951 2336 prius
967 2261 1057 2322 debet
1072 2277 1167 2335 quam

181 2343 265 2402 dare.
288 2343 362 2402 nihil
377 2352 475 2404 autem
490 2345 582 2404 habet
597 2345 680 2420 quod
695 2346 735 2404 ad
749 2361 784 2404 se
798 2345 955 2406 transferri
971 2345 1094 2419 sapiens
1109 2359 1166 2417 ga·

150 2425 306 2487 avisurus
332 2428 380 2487 sit.
416 2429 483 2488 Nou
509 2436 611 2503 potest
635 2444 707 2502 ergo
731 2429 893 2504 quisquam
915 2435 966 2488 aut
986 2444 1098 2488 nocere
1113 2444 1164 2487 sa-

182 2511 275 2586 pienti
297 2518 349 2571 aut
367 2513 534 2586 prodesse,
566 2513 709 2588 quoniam
731 2513 837 2572 diviua
856 2529 913 2574 nec
928 2513 1024 2572 iuvari
1040 2513 1163 2571 deside-

180 2601 248 2654 rant
263 2611 320 2654 nec
336 2595 415 2656 laedi
432 2603 571 2671 possunt.
600 2597 724 2670 sapiens
740 2604 839 2657 autem
854 2597 972 2656 vicinus
989 2596 1165 2672 proximus-

182 2679 305 2752 quadis
323 2681 470 2752 consistit,
486 2687 617 2754 excepta
631 2680 810 2740 mortalitate
828 2681 934 2742 similis
951 2682 1020 2742 deo.
1057 2679 1097 2738 ad
1112 2679 1166 2738 illa

181 2761 280 2820 nitens
297 2779 492 2838 pergensque
508 2765 641 2836 excelsa,
658 2765 804 2836 ordinata,
820 2763 980 2840 intrepida,
996 2764 1117 2840 aequali
1134 2771 1166 2822 et

182 2845 327 2904 concordi
346 2845 593 2920 cursuilueutia,
620 2863 745 2920 secura,
770 2849 918 2924 benigna,
940 2849 1022 2909 bono
1037 2847 1164 2922 publico

181 2936 260 3001 nata,
277 2936 307 2988 et
321 2930 424 2989 sibit
395 2936 424 2988 ct
438 2930 505 2992 aliis
522 2931 667 2990 salutaria
681 2931 754 2990 nihil
769 2932 880 2992 humile
896 2933 1103 3006 concupiscet,
1117 2932 1163 2990 ni-

159 3011 222 3070 hil
245 2975 344 3086 dealt,
373 3013 424 3086 qui
445 3015 554 3073 rationi
575 3014 697 3074 innixus
713 3031 768 3089 per
782 3016 933 3076 humanos
949 3033 1040 3076 casus
1058 3014 1164 3075 divino

148 3095 301 3155 dlncedet
315 3097 425 3156 auimo.
457 3098 528 3159 Non
549 3097 640 3158 habet
654 3098 706 3159 ubi
722 3099 874 3174 accipiat'
867 3101 1016 3160 miuriam
1053 3099 1090 3159 ab
1106 3098 1163 3158 ho-

179 3179 259 3237 mine
277 3195 325 3238 me
341 3187 453 3240 tantum
470 3182 571 3241 dicere
589 3189 700 3256 putas?
717 3201 756 3242 ne
772 3187 921 3244 alortuua
933 3185 1065 3259 quidem,
1083 3199 1165 3256 quae

181 3263 322 3336 quotiens
340 3279 407 3324 cum
422 3265 531 3324 virtute
547 3282 716 3341 congressa
731 3275 778 3326 est
785 3285 973 3343 ,numquam
990 3285 1044 3342 par
1058 3281 1189 3326 reces-

180 3343 228 3404 sit
252 3343 283 3404 Si
296 3363 461 3408 maximum
477 3349 566 3421 rllud
583 3351 661 3411 ultra
677 3352 760 3426 quod
775 3351 849 3411 mhrl
863 3351 1015 3425 habeut
1007 3358 1065 3410 rra
1067 3367 1103 3409 ae
1054 3352 1164 3409 le

179 3443 293 3504 gesac
315 3431 487 3492 saevissimi
511 3435 623 3496 domiui
648 3435 835 3508 minitantur,
865 3435 896 3494 iu
919 3427 980 3508 quo
1001 3436 1165 3509 imperium
