2528 3906
225 238 267 302 96
511 242 544 300 L.
566 241 722 306 Addam
734 241 908 301 SENECAE

227 400 282 468 εει,
299 393 383 470 quod
397 399 500 468 patres
512 407 637 469 quoque
651 391 824 454 occisorum
839 393 946 454 eadem
958 399 1048 454 nocte
1062 391 1198 455 dimissis

226 493 282 553 per
297 477 406 538 domos
422 477 648 537 centurionibus
669 475 817 538 contecit=
844 475 876 536 id
891 484 952 550 est,
972 475 1065 538 homo
1080 477 1198 538 miseri-

226 575 297 620 cors
319 562 401 621 luctu
420 560 568 620 liberavit.
596 576 657 620 non
678 559 757 620 enim
773 559 836 619 Caii
857 557 1026 633 saevitiam,
1049 561 1106 622 sed
1125 561 1200 630 irae,

225 643 418 720 propositum
434 651 482 705 est
491 643 683 704 describeres
703 659 782 718 quae
796 659 858 704 non
873 649 988 705 tantum
995 644 1105 704 viritim
1120 645 1199 718 lusit,

226 727 283 788 sed
296 735 403 802 gentes
420 733 500 788 totas
514 728 653 801 lancinat,
665 726 731 793 sed
745 726 837 787 urbes
852 733 882 787 et
893 727 1017 787 llumina
1032 735 1062 789 et
1081 735 1146 789 tuta
1160 729 1198 788 ab

217 811 308 892 ,onrni
323 827 419 872 sensu
432 810 549 872 doloris
564 810 773 871 converberat.

195 891 210 944 l
286 894 350 954 XX.
372 893 423 954 Sic
444 909 499 954 rex
512 893 671 955 Persarum
690 893 784 954 totius
803 893 909 969 populi
930 885 1020 956 nares
1040 895 1149 955 recidit
1169 895 1198 953 in

227 976 327 1055 Syria,
342 976 635 1038 undeRhinocolura
647 980 832 1038 loeonomen
847 984 902 1038 est.
924 975 1104 1056 Pepercisse
1115 977 1197 1037 illum

225 1059 352 1131 iudicas,
370 1061 593 1136 quodnontota
608 1061 708 1136 capita
719 1061 886 1135 praecidite
906 1077 986 1124 novo
999 1077 1112 1137 genere
1125 1078 1198 1136 poe-

194 1141 283 1204 ²nae
299 1144 467 1205 delectatus
483 1151 540 1205 est.
573 1146 645 1205 Tale
665 1142 781 1217 aliquid
801 1145 887 1218 passi
906 1145 1005 1205 lorent
1017 1143 1197 1220 Aethiopes

227 1229 280 1303 qui
294 1228 334 1288 ob
348 1228 559 1303 longissimum
578 1229 658 1288 vitae
674 1227 805 1304 spatium
820 1227 1027 1290 Macrobiotae
1040 1227 1197 1304 adpellan-

226 1319 283 1372 tur.
305 1311 335 1370 in
350 1310 409 1372 bos
424 1312 515 1386 enim,
537 1311 689 1388 quianon
710 1309 829 1386 supinis
850 1311 990 1372 manibus
1010 1319 1199 1386 exceperant

226 1395 402 1456 servitutem
421 1395 595 1472 missisque
618 1395 726 1470 tegatis
751 1395 847 1456 libera
867 1411 1018 1472 responsa
1039 1391 1196 1466 dederant,

226 1493 304 1554 quae
318 1479 539 1540 contumeliosa
557 1494 648 1553 reges
666 1485 787 1549 vocant,
810 1479 979 1557 Cambyses
1000 1479 1149 1538 tremebat
1170 1487 1198 1538 et

224 1578 285 1622 non
302 1561 435 1638 provisis
450 1561 679 1636 commeatibus
700 1578 761 1622 non
777 1560 943 1638 exploratis
958 1561 1125 1636 itineribus,
1141 1577 1198 1636 per
1255 1635 1256 1638 Ἴ

223 1645 313 1718 invia,
329 1659 385 1720 per
394 1644 509 1705 arentia
524 1644 786 1708 trahebatomnem
796 1645 876 1706 bello
888 1647 989 1706 utilem
1003 1645 1133 1718 turbam,
1148 1645 1197 1704 cui
1255 1653 1256 1686 l

223 1727 302 1788 intra
316 1729 446 1802 primum
466 1729 522 1788 iter
537 1728 662 1789 deerant
676 1730 852 1790 necessaria
872 1718 930 1792 nee
945 1729 1109 1804 quicquam
1124 1728 1197 1788 sub-

224 1811 413 1872 ministrabat
433 1810 545 1872 sterilis
559 1819 589 1872 et
608 1813 720 1874 inculta
738 1811 934 1890 humanoque
948 1813 1052 1888 ignota
1066 1811 1196 1886 vestigio

193 1893 319 1970 aregio.
354 1893 554 1956 Sustinebant
569 1896 677 1956 lamam
699 1894 796 1973 primo
817 1895 979 1956 tenerrima
999 1895 1152 1956 lroudium
1169 1904 1199 1955 et

225 1977 382 2040 eacumina
396 1978 548 2054 arborum,
564 1986 626 2040 tum
637 1980 722 2040 coria
735 1979 804 2056 igne
815 1979 928 2042 mnilite
940 1986 969 2040 et
981 1979 1127 2055 quicquid
1145 1995 1196 2038 ne-

224 2063 354 2122 cessitas
375 2061 476 2124 cibum
497 2062 619 2124 lecerat.
659 2071 822 2140 postquam
842 2065 919 2124 inter
939 2078 1049 2124 arenas
1073 2063 1197 2122 radices
1252 2115 1255 2136 p

225 2160 349 2220 quoque
374 2151 404 2204 et
427 2143 540 2206 herbae
566 2145 742 2208 defecerant
767 2147 968 2223 adparuitque
992 2146 1084 2222 inops
1106 2145 1196 2206 etiam

224 2226 396 2288 animalium
412 2227 555 2303 solitudo,
575 2229 725 2291 decimum
741 2245 894 2306 quemque
908 2226 1005 2291 sortiti
1020 2231 1193 2291 alimentum
1254 2295 1255 2300 γ

192 2309 395 2375 thabuerunt
409 2312 489 2371 lame
503 2311 636 2373 saevius.
670 2313 791 2389 Agebat
805 2313 906 2375 adhuc
924 2313 970 2374 ira
988 2329 1092 2390 regem
1109 2331 1197 2388 prae·

224 2393 354 2469 cipitata,
371 2410 439 2455 cum
451 2402 567 2471 partem
577 2396 730 2458 exercitus
742 2395 904 2470 amisisset
917 2405 1032 2471 partem
1045 2398 1197 2458 comedis*

223 2483 279 2551 εει,
299 2477 399 2538 donec
418 2477 522 2551 timuit,
543 2495 583 2540 ne
599 2486 630 2540 et
649 2481 717 2556 ipse
732 2489 893 2541 vocaretur
913 2481 953 2540 ad
974 2488 1103 2542 sortem:
1133 2488 1196 2540 tum

223 2560 344 2622 demum
364 2563 484 2636 signum
503 2561 641 2638 receptui
661 2564 754 2624 dedit.
783 2565 984 2626 servabantur
1002 2563 1194 2638 interimge·

222 2660 353 2707 nerosae
367 2644 410 2705 illi
425 2662 500 2706 aves
516 2654 545 2706 et
564 2647 764 2709 instrumenta
778 2648 935 2722 epularum
956 2649 1081 2709 camelis
1102 2647 1197 2707 vehe·
1253 2711 1254 2724 1

221 2726 341 2801 bantur,
363 2745 433 2790 cum
454 2729 632 2790 sortirentur
654 2729 762 2792 milites
784 2729 861 2807 eius,
883 2732 952 2807 quis
973 2733 1052 2792 male
1073 2731 1197 2806 periret,
1253 2783 1254 2790 ,

223 2811 292 2885 quis
309 2813 396 2886 peius
411 2811 535 2873 viveret.

190 2895 206 2946 1
283 2893 360 2954 XXl.
382 2895 437 2953 Hic
449 2895 543 2956 iratus
556 2897 706 2972 luitgenti
722 2905 752 2958 et
766 2897 886 2974 ignotae
898 2907 927 2959 ει
940 2898 1104 2970 inmeritae,
1127 2914 1196 2958 sen-

222 2992 313 3036 surae
331 2985 445 3036 tamem
474 2979 572 3058 Cyrus
587 2979 713 3042 flumini.
747 2981 822 3043 Nam
837 2998 907 3044 cum
919 2982 1081 3060 Babylona
1096 2997 1194 3056 oppu-

221 3068 368 3134 gnaturus
389 3061 547 3122 festinaret
573 3064 612 3124 ad
632 3064 760 3139 bellum,
782 3064 870 3126 euius
890 3066 1023 3125 inaxima
1042 3072 1198 3124 momenta

221 3143 251 3202 in
273 3143 489 3206 occasionibus
501 3155 584 3222 sunt,
616 3148 740 3224 Gynden
760 3149 820 3209 lale
845 3150 947 3210 lusum
975 3164 1095 3209 amnem
1115 3149 1196 3208 vado
1252 3185 1253 3232 ;

220 3227 350 3288 transire
363 3229 529 3304 temptavit,
544 3231 628 3306 quod
644 3231 694 3291 vix
708 3239 803 3293 tutum
818 3239 873 3304 est,
896 3233 986 3294 etiam
1007 3248 1076 3292 eum
1098 3231 1198 3292 sensit
1252 3241 1253 3266 ι

189 3314 366 3372 raesulem
387 3321 416 3373 ει
431 3313 470 3372 ad
490 3313 645 3374 minimum
669 3315 818 3376 deductus
833 3323 889 3375 εει.
928 3316 973 3388 lbi
994 3331 1073 3379 unus
1096 3331 1138 3376 ex
1159 3316 1197 3375 iis

221 3393 318 3468 equis,
336 3396 387 3470 qui
403 3396 520 3458 trahere
533 3397 651 3471 regium
668 3414 788 3460 currum
803 3398 864 3459 albi
879 3399 1029 3473 solebant,
1045 3397 1194 3474 abreptus

221 3477 416 3540 vehementer
436 3481 599 3540 commovit
619 3495 738 3555 regem=
762 3482 871 3544 iuravit
892 3482 995 3558 itaque
1016 3497 1051 3542 se
1073 3497 1195 3542 amnem
