2522 3906
168 256 215 293 rut
559 237 788 291 PRAEFATIO.

169 379 293 428 omittere.
329 377 392 425 ibid.
409 376 491 440 cau,
509 375 533 426 3.
552 377 620 440 quod
637 392 668 425 ex
687 377 780 426 uibar
798 375 847 426 tect
864 377 1013 437 videbar,
1033 377 1183 428 facillimum

169 455 207 496 est
224 453 248 495 et
263 445 395 510 aptissime
413 445 539 510 siguificat
554 446 580 495 id
596 445 627 494 de
645 460 694 508 quo
708 446 804 510 agitur,
823 445 977 496 Cremutium
988 445 1095 497 Cordum
1104 456 1186 498 morte
1231 474 1232 510 t

168 515 309 564 voluntaria
328 515 506 578 comprobasse
526 529 575 562 non
594 513 685 562 falsam
704 512 784 564 inisse
799 514 929 564 hominum
948 516 1106 580 opinionem,
1128 517 1186 578 qui·
1231 531 1232 538 ¹

168 585 216 634 bus
231 583 365 634 videbatur
380 597 472 648 magno
487 583 571 632 animo
586 583 719 646 scripsisse
734 580 861 634 historias.
897 582 1018 634 Similiter
1033 585 1109 634 etiam
1124 584 1185 634 alibi

168 653 281 716 correxi,
307 651 386 700 veluti
408 652 440 700 de
455 649 549 700 Beueff.
560 651 603 709 lV,
620 650 653 710 6,
673 651 696 700 l.
716 650 858 700 solidum
877 654 990 702 scribens
1007 667 1053 717 pro
1070 669 1099 702 eo
1116 654 1186 716 quod
1204 651 1209 658 '

167 722 299 786 vulgatum
317 727 355 769 est
373 719 499 784 sotum,
510 727 534 767 et
550 721 575 768 in
589 719 646 768 Nat.
662 719 804 784 (incestui,
819 722 844 783 2,
861 722 886 770 7.
904 723 966 771 eieci
981 722 1107 787 glossam,
1122 737 1185 784 qua-

167 790 205 839 les
226 790 251 838 iu
275 789 318 837 illo
338 803 413 852 opere
431 787 569 853 permultae
587 796 660 846 suut,
684 790 856 848 exturbat,
883 798 907 839 et
922 791 1007 855 recepi
1024 791 1112 856 optimi
1127 791 1184 839 cod.

168 860 320 923 scripturam
336 872 374 908 ex
391 872 424 906 eo
443 856 608 919 trahatur,
627 857 678 904 nisi
694 856 762 919 quod
779 857 974 910 tranebatur
989 860 1090 924 scripsi.

239 925 289 978 Sed
310 927 341 975 de
364 925 478 976 codicum
498 926 598 975 illorum
620 933 645 974 et
666 927 821 989 praestantia
838 935 862 976 et
880 927 949 976 vitiis
967 927 1039 992 plura
1056 941 1123 976 nuuc
1141 942 1185 976 ex-

167 1011 260 1061 ponere
282 993 388 1059 lougum
410 1003 456 1044 cst.
484 1011 590 1058 quorum
610 995 702 1044 virtute
723 995 772 1044 etsi
794 994 897 1059 plurimi
921 996 971 1046 loci
988 996 1097 1045 restituti
1115 1003 1184 1053 sunt,

167 1072 262 1114 restant
277 1071 361 1113 tamen
378 1061 448 1114 haud
463 1065 551 1128 pauci,
571 1064 614 1125 qui
627 1061 769 1122 feliciorem
782 1063 934 1114 medicinam
950 1065 1094 1114 desiderant
1108 1079 1185 1126 quam

168 1149 218 1196 qua
234 1149 282 1198 ego
298 1146 361 1181 usus
376 1146 441 1183 sum.
474 1131 561 1196 Neque
576 1132 642 1182 enim
661 1133 696 1181 ita
713 1131 775 1182 mihi
790 1132 891 1196 placeo,
909 1141 936 1182 ut
946 1134 1103 1183 coniecturas
1114 1146 1186 1181 meas

168 1203 240 1251 unice
259 1201 403 1266 probandas
421 1208 521 1266 putem,
546 1202 611 1250 inter
628 1215 692 1263 quas
714 1208 772 1250 sunt
794 1203 882 1264 etiam,
907 1216 969 1264 quas
986 1217 1037 1251 nou
1057 1202 1132 1251 aliam
1151 1201 1185 1249 ob

168 1285 271 1320 causam
293 1268 367 1318 intuli
387 1284 462 1332 quarn
483 1271 543 1333 qnia
565 1269 662 1332 aliquid
680 1277 747 1319 certe
764 1271 908 1334 ponendum
930 1277 984 1320 erat
1002 1269 1185 1332 qualecumque

167 1339 194 1387 id
215 1345 296 1398 esset,
321 1353 403 1400 neque
426 1339 544 1388 editionis
567 1338 642 1402 hujus
665 1337 770 1388 oonsilio
787 1339 920 1389 convenire
936 1340 1087 1397 arbitrabar,
1108 1339 1186 1388 nimis
1234 1354 1235 1362 ¹

166 1419 243 1472 saepe
260 1408 335 1457 verba
350 1415 469 1471 corrupta
486 1408 593 1456 retinere
609 1415 633 1456 et
648 1408 744 1456 crebris
760 1406 890 1458 stellarum
906 1409 986 1473 signis
1004 1407 1109 1458 lectores
1124 1408 1183 1457 abs-

167 1483 272 1533 terrere;
292 1477 348 1525 cavi
363 1481 446 1524 tamen
462 1475 551 1525 litteris
567 1475 705 1532 inclinatis,
721 1491 752 1524 ne
768 1476 830 1524 certi
843 1484 868 1526 et
883 1477 974 1540 integri
990 1484 1109 1539 putentur
1125 1476 1184 1534 loci,

167 1545 211 1606 qui
226 1543 378 1594 coniecturis
393 1545 498 1594 correcti
512 1553 584 1604 sunt;
603 1545 742 1606 itemquae
760 1545 815 1606 ipse
833 1543 1010 1608 supplementa
1027 1545 1053 1592 iu
1069 1543 1130 1592 locis
1146 1543 1184 1592 la-

167 1613 268 1662 cunosis
284 1612 382 1672 adieci,
403 1613 434 1663 de
453 1611 544 1676 quibus
559 1613 626 1663 idem
639 1619 710 1675 'nuno
725 1611 819 1660 dictum
837 1611 908 1670 volo,
925 1611 994 1673 quod
1012 1611 1038 1660 in
1052 1610 1133 1676 praei.
1150 1611 1186 1661 ad
1235 1646 1236 1676 ᾗ

166 1681 291 1730 Velleium
306 1681 465 1731 Paterouium
483 1696 499 1730 a
516 1697 557 1732 rue
573 1681 668 1731 editum
687 1680 755 1738 dixi,
780 1680 852 1728 uncis
871 1678 967 1728 inclusa
985 1679 1126 1742 litterisque
1144 1681 1185 1729 in·
1235 1677 1236 1684 ’

167 1749 265 1800 clinatis
284 1749 409 1815 descripta
426 1759 497 1808 sunt;
517 1759 602 1800 contra
618 1763 684 1811 quae
700 1747 842 1796 abiicienda
858 1748 930 1796 uncis
947 1747 1078 1813 significo,
1100 1763 1131 1798 ea
1145 1764 1184 1797 rc·

166 1819 213 1869 ctis
230 1818 322 1868 litteris
337 1820 502 1885 exprimenda
519 1819 615 1868 curavi.
652 1815 860 1879 Transpositione
877 1817 921 1866 ubi
934 1831 997 1866 usus
1009 1819 1080 1877 uum,¹
1100 1818 1184 1882 ipsum

166 1887 251 1938 locum
268 1888 452 1952 transpositum
470 1888 501 1936 ab
519 1887 589 1936 initio
606 1893 631 1934 et
646 1885 672 1934 in
687 1883 737 1932 flue
756 1883 838 1933 crucis
852 1883 934 1950 figura
953 1887 1067 1951 signavi,
1089 1887 1125 1936 ibi
1138 1901 1184 1935 au·
1235 1891 1237 1948 ᾗ

165 1970 230 2023 tem,
249 1957 316 2006 unde
335 1958 358 2006 is
373 1957 542 2021 transpositus
560 1960 612 2013 est,
632 1967 732 2002 crucem
752 1951 880 2016 duplicem
896 1955 979 2018 posui.
1236 1953 1237 1956 ’

233 2025 276 2076 Ad
289 2025 493 2090 Epigrammata,
511 2038 576 2086 quae
590 2037 606 2070 a
618 2021 733 2071 Fickerto
747 2021 859 2072 nondum
874 2023 943 2082 edita
955 2031 1028 2084 sunt,
1048 2023 1110 2073 nihil
1124 2025 1185 2073 novi

165 2093 252 2144 maxilii
270 2093 358 2146 habui.

234 2163 335 2213 Ludum
349 2177 398 2212 uon
413 2175 491 2212 ausus
507 2174 564 2208 sum
580 2159 613 2208 ad
629 2157 698 2208 solos
714 2159 814 2210 codices
832 2161 1020 2210 vetustissimos
1035 2159 1184 2226 Sangallen-

165 2246 219 2281 sem
238 2239 263 2282 et
279 2231 499 2282 valentianensem
517 2241 662 2286 recensere,
687 2229 836 2292 praesertim
855 2244 911 2278 cnm
927 2229 959 2278 de
977 2229 1045 2279 illius
1059 2231 1185 2294 scriptura

164 2300 316 2364 aliquotiens
343 2313 393 2348 nou
415 2305 527 2356 canalem
554 2296 676 2362 pertinuit
690 2304 775 2346 autem
794 2297 919 2348 dubitatio
938 2313 996 2348 mea
1011 2313 1061 2348 nou
1079 2307 1130 2348 tam
1149 2299 1183 2347 ad

165 2371 241 2420 verba
258 2367 360 2434 singula
375 2381 451 2431 quam
467 2367 501 2416 ad
516 2373 582 2418 totos
596 2365 683 2429 locos,
701 2365 745 2428 qui
762 2365 812 2415 illis
830 2366 937 2424 desunt3
961 2382 1010 2429 qua
1028 2367 1053 2416 iu
1070 2367 1184 2418 reuolui

165 2439 250 2489 media
265 2436 309 2487 illa
327 2437 371 2487 riu
389 2436 504 2500 ingredi,
528 2450 604 2498 quant
619 2433 749 2484 Fickertus
768 2434 859 2500 elegit,
876 2436 993 2498 quicum
1012 2435 1134 2500 plurimos
1151 2452 1184 2486 ex

164 2507 215 2558 illis
230 2506 367 2564 abiiceret,
392 2503 455 2554 alios
471 2511 555 2553 tamen
574 2504 688 2561 retinuit3
714 2502 810 2553 scilicet
830 2504 941 2554 noudum
959 2505 1116 2568 exploratum
1134 2514 1183 2564 est,

165 2590 230 2638 quae
249 2574 282 2622 sit
307 2589 394 2623 eorum
416 2573 488 2638 origo
505 2579 530 2622 et
552 2572 617 2621 sitne
633 2571 746 2620 omnium
763 2572 866 2635 eadem,
892 2587 930 2622 an·
945 2573 1053 2622 habeant
1069 2573 1184 2623 nonnulii

166 2644 260 2694 iontem
282 2643 460 2701 vetustiorem
486 2656 563 2704 quare
582 2641 701 2703 quoniam
719 2647 801 2690 tutum
823 2655 872 2690 non
890 2650 943 2690 erat
959 2655 1045 2691 omues
1063 2642 1183 2706 abiicere,

164 2714 245 2761 satius
275 2712 358 2760 risum
384 2718 422 2760 est
448 2711 542 2776 pariter
566 2723 654 2758 omnes
680 2709 788 2758 retinere
810 2710 881 2759 uncis
909 2711 1036 2768 inclusos,
1066 2711 1185 2773 quamvis

163 2778 296 2846 probabile
317 2783 364 2837 sit,
385 2793 430 2828 eos
450 2778 514 2828 nihil
531 2775 672 2827 aliudesse
689 2777 738 2826 nisi
753 2777 930 2842 supplementa
947 2779 1097 2828 chotiauis
1112 2780 1184 2828 sirni-

165 2851 215 2910 lia‚
231 2847 318 2899 seculo
333 2847 381 2896 XV
398 2845 525 2907 conlecta,
550 2861 616 2909 quae
637 2847 663 2895 in
681 2845 772 2910 paucis
793 2845 863 2898 baud
883 2847 981 2898 iuflccta
999 2847 1111 2908 iudices,
1136 2849 1184 2897 sed

164 2919 302 2968 maximum
317 2911 415 2984 partem
431 2916 526 2982 frigida
542 2922 566 2965 et
581 2915 636 2964 siue
652 2915 744 2965 idonea
759 2929 837 2965 causa
855 2915 968 2969 ooussota.
1157 2930 1161 2936 ·

233 2983 445 3052 Orthographiam
462 2985 581 3049 quoniam
597 2997 648 3048 par
665 2993 703 3033 est
718 2983 750 3032 ab
766 2998 796 3032 eo
814 2985 946 3044 constitui,
966 2985 1009 3047 qui
1025 2983 1103 3034 libros
1119 2998 1183 3033 mss.

164 3057 220 3122 ipso
232 3056 362 3116 tractarit,
379 3053 456 3104 talem
470 3054 522 3104 lere
535 3053 641 3116 reliqui,
660 3051 759 3114 qualem
773 3051 904 3104 Fickertus
921 3067 977 3104 esse
989 3052 1078 3112 voluit,
1094 3067 1184 3115 quam-

164 3139 239 3190 quam
256 3131 325 3174 erant
342 3125 368 3174 iu
386 3138 430 3183 ea,
452 3139 518 3186 quae
533 3137 583 3172 non
598 3121 746 3186 probarem
765 3120 991 3186 interpunctionem
1007 3136 1066 3171 vero
1082 3121 1184 3186 perspi-

164 3193 267 3244 cuitatis
291 3194 373 3260 gratia
399 3193 468 3242 auxi.
509 3190 623 3254 Denique
646 3197 773 3254 postremo
796 3191 925 3241 volumine
951 3190 1069 3242 adiiciam
1098 3204 1183 3238 rerum

165 3263 274 3314 iudicem
291 3277 385 3312 uorum
402 3275 417 3309 a
433 3276 473 3310 me
489 3260 623 3326 diligenter
637 3257 789 3310 conlectum.
992 3301 995 3307 ,

234 3329 381 3382 Scribebam
398 3328 565 3380 Vratislavise
582 3341 668 3377 mense
684 3324 786 3378 Octobri
803 3343 827 3378 a.
844 3326 991 3378 uaccam
