2522 3906
4 3491 5 3510 t

4 3513 6 3542 i

5 3591 7 3651 t

185 276 227 340 70
476 277 509 336 L.
530 275 678 336 ANNAEI
699 273 876 335 SENECAE

186 449 290 493 musca
305 435 413 508 parum
431 431 553 491 curiose
567 425 670 502 iugata
685 428 714 486 in
733 427 848 488 rabiem
865 435 935 500 agat
951 435 1002 488 aut
1022 427 1168 488 obversa·

185 517 340 581 tuscanis
364 523 417 576 aut
444 515 540 574 clavis
564 511 752 586 neglegentis
775 511 856 568 servi
881 511 1020 570 manibus
1040 513 1170 586 elapsa?

158 599 276 660 areret
285 599 345 660 iste
357 614 458 673 aequo
471 597 571 657 animo
585 595 673 654 civile
684 593 855 654 convicium
870 600 901 652 et
918 592 1038 668 ingesta
1050 595 1080 653 in
1095 611 1169 654 con·
1255 645 1256 650 ,

187 685 275 744 aione
290 682 413 742 curiave
425 679 793 758 maledicta‚cuiusaures
805 677 891 736 tracti
906 677 1042 737 subsellii
1055 679 1169 738 stridor

183 766 335 826 'offendite
365 763 553 840 perpetietur
569 763 620 821 hic
635 762 745 820 famem
762 767 793 819 ct
812 761 948 819 aestivae
961 761 1168 836 expeditionis

188 850 276 922 sitim,
296 849 348 924 qui
363 864 459 924 puero
473 848 551 906 male
565 844 690 905 diluenti
703 844 803 902 nivem
816 843 977 903 irascitur?
1007 844 1096 905 Nuiia
1112 845 1167 904 ita-

143 925 146 932 ’
188 947 310 1009 queres
324 932 421 1006 magis
436 929 624 991 iracundiam
643 927 695 988 alit
711 942 803 1002 quarn
819 925 939 986 luxuria
960 928 1168 1002 intemperans

187 1025 217 1077 et
229 1016 394 1090 inpatiens:
404 1017 483 1075 dure
494 1013 670 1074 necandus
681 1011 800 1071 animus
813 1018 869 1080 est,
882 1019 915 1070 ut
925 1011 1015 1070 icorm
1024 1028 1085 1073 non
1097 1027 1168 1072 sen-

188 1100 241 1160 tiat
259 1099 317 1158 nisi
336 1114 469 1174 gravem

159 1190 174 1242 1
248 1182 355 1242 XXVi.
376 1180 589 1242 irascimur
607 1180 752 1252 antiis,
773 1195 791 1236 a
812 1179 950 1251 quibas
970 1193 1038 1238 nec
1060 1181 1167 1237 acci-

188 1281 277 1341 pere
297 1266 479 1325 iniuriam
500 1263 718 1340 purumne,
741 1263 885 1332 antiis,
904 1279 924 1321 a
942 1262 1084 1336 quibus
1102 1278 1168 1321 ac·
1256 1309 1257 1312 ,

159 1349 319 1424 ccipere
340 1349 523 1434 iniuriam
544 1347 747 1422 potuimus.
780 1346 826 1404 Ex
844 1346 996 1422 prioribus
1016 1347 1168 1420 quaedam

189 1432 364 1495 sinesensu
382 1439 462 1502 sunt,
480 1439 513 1491 ut
530 1432 617 1503 liben'
637 1445 726 1504 quem
744 1429 957 1489 minutioribus
975 1428 1070 1490 literis
1091 1431 1168 1488 scri-

188 1524 272 1591 ptum
286 1532 380 1590 saepe
393 1514 578 1589 proiecimus
592 1517 622 1572 et
641 1514 820 1572 mendosum
839 1513 1054 1585 iacerauimus,
1066 1519 1102 1571 ut
1117 1529 1168 1572 ve

189 1601 338 1670 stimanta,
364 1607 452 1672 quae,
476 1597 547 1672 quia
569 1595 780 1670 displicebant,
804 1595 960 1655 scidimus.
1007 1595 1054 1655 bis
1075 1595 1170 1656 irasci

189 1697 281 1756 quam
298 1683 420 1742 stulttun
436 1689 493 1754 est,
512 1693 591 1754 quae
608 1679 683 1738 bam
700 1687 836 1738 nostram
848 1695 905 1738 nec
916 1687 1090 1738 meruerunt
1111 1696 1170 1738 nec

158 1768 176 1821 ³
189 1765 341 1831 sentiente
372 1763 454 1838 „Sed
468 1763 628 1824 offendunt
639 1763 851 1822 nosvideiicet
866 1762 918 1837 qui
927 1763 981 1846 illa
1002 1764 1171 1822 iecerunt.“

167 1847 170 1850 ’
186 1848 317 1912 Primum
332 1863 428 1924 saepe
442 1855 604 1922 antequam
614 1846 780 1921 -hocapud
797 1863 856 1906 nos
876 1847 1097 1920 distinguamus
1109 1847 1170 1904 ira-

188 1932 310 1996 scimur.
323 1943 335 1988 ·.
353 1931 464 1994 deinde
482 1932 614 1992 tortasse
627 1931 694 2004 ipsi
713 1929 984 2005 quoqueartitioes
997 1929 1170 1990 excusatio-

187 2027 243 2076 nes
259 2016 355 2076 iustas
371 2015 525 2078 adferent:
542 2015 618 2075 alius
640 2031 701 2074 non
721 2014 817 2088 potuit
831 2013 940 2073 melius
958 2014 1060 2072 iacere
1077 2029 1168 2086 quam
1258 2039 1259 2086 3

188 2100 267 2171 iecit,
284 2114 341 2158 nee
356 2099 396 2160 ad
410 2105 492 2160 tuam
509 2097 721 2160 contumetiam
740 2110 849 2172 parurn
863 2096 976 2156 didicit.
1007 2096 1085 2156 atius
1105 2113 1167 2156 non

188 2182 218 2244 in
230 2181 290 2240 hoc
304 2189 337 2242 ut
354 2189 384 2240 te
398 2180 567 2242 offenderet
578 2179 658 2240 iecit.
687 2181 727 2240 ad
740 2181 877 2241 ultimum
892 2181 963 2255 quid
983 2186 1031 2239 est
1041 2180 1168 2240 demon»

190 2265 248 2324 tius
268 2277 362 2338 quam
378 2263 469 2324 bilem
490 2266 520 2325 in
538 2264 677 2326 homiues
701 2265 857 2324 collectam
872 2265 902 2322 in
924 2280 974 2323 res
987 2262 1169 2323 effunderet

159 2347 282 2420 4Atqui
300 2357 333 2408 ut
347 2347 394 2409 his
413 2348 505 2408 irasci
519 2347 668 2410 dementis
689 2355 751 2421 est,
774 2364 854 2422 quae
868 2349 968 2406 anima
986 2354 1104 2418 carent,
1122 2347 1169 2406 sic

186 2430 278 2496 muns
304 2431 499 2506 animalibus,
533 2446 612 2507 quae
633 2433 745 2492 nuliam
774 2429 911 2490 iniuriam
933 2430 1022 2491 nobis
1045 2431 1168 2503 iaciunt,

188 2513 261 2589 quia
272 2515 350 2574 velle
363 2531 423 2578 nnn
436 2521 583 2589 possunt:
600 2531 660 2576 non
680 2522 728 2575 est
744 2515 824 2576 enim
842 2515 949 2574 iniuria
963 2514 1020 2573 nisi
1036 2513 1167 2574 aconsi-

187 2599 228 2659 tio
241 2599 387 2672 protecta.
418 2615 531 2660 nocere
548 2599 653 2672 itaque
674 2597 763 2660 nobis
785 2606 915 2672 possunt
932 2605 965 2656 ut
981 2599 1093 2656 terrum
1114 2605 1169 2656 aut

159 2681 276 2755 alapis,
299 2682 436 2746 iniuriam
452 2682 575 2758 quidem
598 2683 699 2743 iacere
722 2697 782 2741 non
805 2689 945 2755 possunt.
976 2681 1070 2754 Atqui
1093 2696 1168 2740 con-

81 2773 85 2782 '
184 2765 279 2827 tentni
289 2779 324 2824 se
338 2765 460 2839 quidam
471 2771 587 2840 putant,
603 2764 655 2824 ubi
671 2763 762 2828 iidem
777 2766 848 2839 equi
862 2766 1068 2839 obsequentes
1081 2765 1168 2822 atteri

188 2847 296 2920 equiti,
321 2847 407 2908 alteri
429 2857 624 2913 contumaces
648 2856 734 2920 sunt,
761 2855 915 2922 tamquam
939 2847 1069 2918 iudicio,
1104 2863 1167 2907 non

189 2930 411 2990 consuetudine
434 2939 464 2994 et
481 2939 544 2991 arte
560 2932 709 2994 tractandi
728 2933 878 3006 quaedam
895 2932 1077 3006 quibusdam
1096 2930 1169 2990 sub-

158 3013 312 3074 biectiora
328 3014 398 3077 sint.
429 3015 525 3089 Atqui
538 3014 628 3076 uthis
647 3014 946 3088 insectabamur,
962 3015 1004 3076 ita
1017 3014 1123 3090 pueris
1138 3023 1170 3076 et

188 3112 250 3154 non
271 3097 396 3160 muitum
417 3115 435 3156 a
458 3114 622 3172 puerorum
644 3099 804 3172 prudentia
826 3099 1020 3162 distantibus.
1064 3097 1169 3159 omnia

188 3180 268 3238 enim
289 3181 348 3240 ista
369 3189 496 3255 peecata
518 3181 601 3256 apud
623 3197 754 3257 aequum
768 3182 899 3244 iudicem
919 3199 975 3258 pro
992 3182 1169 3245 innocentia

188 3261 547 3338 habentinprudentiam.
764 3339 767 3346 Ι

161 3353 177 3410 1
251 3345 370 3406 intvlt.
405 3347 559 3420 Quaedam
575 3355 645 3411 sunt
660 3365 738 3423 quae
752 3365 864 3410 nocere
879 3366 940 3410 uon
958 3356 1089 3424 possunt
1100 3349 1168 3408 nui—

187 3430 308 3503 iamque
324 3431 384 3490 vim
397 3431 456 3490 nisi
466 3431 635 3490 beneficam
653 3438 682 3492 ct
698 3433 862 3494 salutarem
878 3433 1000 3506 habent,
1020 3439 1052 3492 ut
1068 3432 1099 3492 di
1121 3431 1168 3491 in·

186 3513 339 3584 mortales,
354 3513 405 3588 qui
417 3529 474 3576 nuc
487 3515 592 3574 volunt
603 3515 715 3574 obesse
726 3529 784 3577 nec
798 3522 939 3590 possunt.
965 3523 1074 3576 natura
1085 3515 1169 3576 enim
