2554 3888
311 246 362 306 nn
382 245 743 306 ennvnnnnvnnu.
765 252 861 307 a-o.
927 203 934 216 ’
1012 244 1072 306 aut

108 404 155 457 cat
169 395 376 470 inmixtosque
392 395 509 454 mediae
525 394 592 469 paci
608 393 776 469 etimperio
787 393 894 455 hostes
907 395 1072 470 perdomat,

105 481 178 539 dum
198 479 277 539 ultra
297 478 434 538 Rhenum
455 485 485 536 et
502 477 676 552 Euphraten
698 484 728 536 et
744 479 913 538 Danubium
928 479 1073 539 terminos

105 570 221 635 movet,
243 563 272 620 in
288 561 356 636 ipsa
370 560 446 621 urbe
460 561 619 632 Murenae,
643 560 818 636 Caepionis,
836 561 959 636 Lepidi,
974 563 1071 636 Egna-

4 649 6 676 ¹
106 647 215 706 tiorum
237 647 267 704 ln
288 661 357 705 eum
378 659 541 704 mucrones
567 643 762 704 acuebantur.
801 645 942 706 Nondum
966 646 1102 708 horumti

106 729 256 804 effugerat
274 727 417 788 insidias:
445 729 507 789 filia
529 735 565 787 et·
578 734 622 786 tot
642 725 762 788 nobiles
781 728 908 788 iuvenes
926 729 1073 790 adulterio

104 815 189 872 velut
200 819 390 872 sacramento
402 810 503 871 adacti
513 812 571 870 iam
583 812 740 872 infractam
752 817 880 871 aetatem
890 812 1073 872 territabant.

106 897 239 972 plusque
254 903 283 955 et
296 896 402 956 iterum
417 895 549 954 timenda
565 911 632 955 com
646 895 778 954 Antonio
794 895 909 954 mulier.
938 893 1014 954 haee
1029 895 1073 955 ul-

106 995 176 1039 cera
194 993 261 1038 oum
277 979 354 1052 ipsis
366 977 509 1038 membris
522 977 708 1038 absciderat:
731 977 791 1036 alia
802 977 1073 1038 subnascebantur.

105 1064 188 1122 velut
202 1062 304 1138 [intra]
320 1077 414 1136 grave
428 1062 522 1122 midto
541 1062 688 1135 sanguine
706 1075 819 1136 eorpus
834 1068 936 1137 partes
952 1076 1074 1136 semper

105 1147 227 1220 aliquae
240 1145 467 1218 rumpebantur.
490 1145 596 1219 ltaque
609 1145 702 1205 otium
717 1143 850 1219 optabat.
871 1143 901 1203 in
914 1144 1005 1212 huius
1018 1160 1074 1218 spe

107 1235 137 1288 et
156 1228 339 1302 cogitatione
358 1227 480 1288 labores
504 1229 570 1287 eius
590 1228 775 1290 residebant.
804 1227 864 1288 boc
884 1234 988 1287 votum
1010 1233 1075 1286 erat

105 1312 187 1384 eius,
209 1310 260 1386 qui
275 1311 337 1370 voti
352 1309 616 1386 conpotes'lacere
632 1317 758 1385 poterat.

166 1395 205 1453 V.
237 1394 360 1454 Marcus
381 1395 486 1455 Cicero
512 1396 588 1454 inter
609 1395 765 1466 Catilinas,
795 1394 919 1454 Clodios
944 1395 1101 1460 iactatus1

104 1479 332 1554 Pompeiosque
357 1485 386 1539 et
411 1479 555 1552 Crassos,
585 1479 694 1553 partim
719 1479 898 1538 manifestos
924 1476 1074 1550 inimicos

106 1563 214 1638 partim
236 1562 345 1623 dubios
367 1563 495 1636 amicos,
516 1562 588 1623 dum
605 1561 768 1623 fluctuatur
787 1577 856 1622 oum
874 1559 1029 1636 republica
1044 1567 1074 1620 et

106 1648 186 1706 illam
201 1662 327 1721 pessum
342 1653 463 1707 euntem
477 1653 574 1720 tenet,
592 1645 758 1708 novissime
770 1646 934 1719 abductus,
956 1660 1013 1704 nec
1025 1659 1073 1703 se-

106 1731 215 1790 cundis
235 1730 327 1790 rebus
350 1730 470 1805 quietus
485 1745 542 1789 nec
558 1731 755 1791 adversarum
772 1729 907 1804 patiens,
931 1728 1072 1804 quotiens

105 1815 187 1873 illum
208 1815 309 1889 ipsum
331 1813 521 1874 consulatum
542 1829 630 1874 snum
646 1829 705 1872 non
723 1813 789 1873 sine
804 1829 912 1884 causa,
936 1812 992 1871 sed
1006 1812 1073 1872 sine

7 1921 10 1925 ·
105 1898 166 1957 line
186 1897 339 1958 laudatum
362 1897 548 1957 detestaturi
583 1897 678 1970 Quam
693 1896 811 1956 llebiles
826 1911 920 1956 voees
935 1893 1103 1969 exprimite

105 1982 133 2040 in
154 1982 286 2054 quadam
300 1980 340 2039 ad
354 1981 485 2040 Atticum
501 1979 633 2055 epistula
646 1981 705 2040 iam
721 1980 802 2039 victo
819 1987 904 2054 patre
918 1977 1073 2052 Pompeio,

106 2065 207 2124 adhuc
218 2064 279 2124 lilio
292 2064 321 2123 in
333 2063 481 2138 Hispania
493 2065 588 2124 lracta
599 2063 868 2124 armareioventet
890 2061 1074 2136 Quidupam,

105 2147 218 2222 inquit,
244 2149 294 2208 bic
312 2144 453 2222 quaeris?
481 2164 581 2208 moror
599 2150 631 2208 in
655 2147 820 2208 Tusculano
838 2161 902 2207 meo
919 2145 1074 2206 semiliber.

105 2232 165 2290 alia
180 2231 326 2306 deinceps
342 2230 447 2304 adicit,
464 2231 576 2306 quibus
590 2238 620 2292 et
631 2231 763 2306 priorem
776 2237 904 2291 aetatem
915 2231 1075 2304 conploret

105 2323 135 2374 et
150 2315 190 2374 de
205 2314 359 2388 praesenti
375 2315 509 2388 queritur
523 2322 553 2376 et
567 2315 606 2374 de
622 2316 722 2374 lutura
736 2314 889 2389 desperat.
918 2311 1103 2374 Semilibe3

103 2415 172 2457 rum
187 2413 222 2457 se
237 2397 312 2457 dixit
327 2397 448 2458 cicero:
476 2406 506 2458 at
519 2399 709 2458 mehercules
724 2413 888 2472 numquam
904 2397 1029 2471 sapiens
1043 2396 1072 2453 in

104 2489 164 2541 tam
188 2481 300 2541 humile
320 2496 431 2542 nomen
458 2483 614 2556 procedet,
644 2495 809 2556 numquam
831 2479 985 2540 semiliber
1008 2479 1072 2547 erit,

104 2565 240 2638 integrae
254 2580 375 2639 semper
389 2564 534 2626 libertatis
550 2572 579 2624 et
590 2565 722 2638 solidae,
745 2563 878 2636 solutus,
901 2570 931 2622 et
941 2562 988 2620 sui
1000 2561 1073 2620 iuris

104 2657 134 2707 et
154 2649 242 2708 altior
263 2649 383 2709 ceteris.
416 2649 490 2722 quid
510 2649 588 2708 enim
604 2664 698 2722 supra
712 2663 781 2708 eum
796 2652 898 2722 potest
913 2660 998 2717 esse,
1022 2643 1074 2717 qui

104 2747 199 2807 supra
215 2733 366 2794 lurtunam
381 2739 450 2792 estl

165 2816 217 2875 Vl.
240 2816 344 2877 Livius
360 2817 493 2888 Drusus,
514 2816 561 2875 vir
576 2831 648 2875 acer
662 2824 692 2876 et
706 2815 885 2887 vehemens,
905 2829 973 2874 cum
989 2813 1073 2887 leges
1087 2829 1101 2878 l

103 2915 201 2960 novas
217 2909 246 2960 et
261 2902 340 2960 mala
355 2898 529 2960 Gracchana
542 2900 703 2972 movisset,
720 2896 970 2973 stipatusingenti
981 2896 1074 2957 totius
1149 2931 1153 2937 -

102 2983 207 3042 ltaliae
227 2991 331 3058 coetu,
359 2983 472 3044 exitum
496 2999 599 3042 rerum
624 3000 684 3044 non
708 2983 888 3059 pervidens,
917 2995 994 3055 quas
1017 2993 1075 3038 nec

104 3081 196 3139 agere
210 3065 321 3126 licebat
335 3083 392 3126 nec
407 3067 466 3126 iam
480 3065 609 3126 liberum
623 3075 689 3128 erat
703 3067 798 3127 semel
812 3063 970 3124 inchoatas
984 3063 1074 3122 relin-

104 3163 214 3223 quere,
244 3157 423 3210 exsecratus
446 3149 611 3224 inquietam
633 3167 651 3210 a
669 3148 842 3224 primordiis
859 3147 951 3208 vitam
966 3144 1083 3206 dicitur·

103 3231 235 3292 dixisse:
267 3234 340 3307 „uni
354 3233 412 3293 sibi
433 3249 472 3292 ne
486 3248 581 3308 puero
598 3234 719 3306 quidem
734 3247 878 3306 nmquam
895 3231 986 3290 lerias
1002 3246 1073 3289 con·

102 3315 241 3389 tigisse.“
271 3319 376 3376 Ausus
391 3325 439 3377 est
453 3317 532 3375 enim
547 3322 577 3375 et
590 3317 724 3391 pupillus
739 3315 840 3375 adhuc
855 3322 884 3375 el
904 3320 1074 3390 praetexta-

102 3403 151 3458 tus
173 3399 325 3460 iudicibus
346 3415 417 3460 reos
433 3400 647 3462 commendare
662 3406 692 3458 et
705 3399 830 3474 gratiam
847 3415 932 3459 suam
949 3399 1015 3457 loro
1032 3397 1074 3453 in·

103 3486 266 3558 terponere
293 3489 352 3544 tam
375 3484 545 3546 'eldeaciter
567 3483 704 3559 quidem,
727 3489 760 3542 ut
787 3483 936 3559 quaedam
963 3477 1075 3538 iudicia
