2554 3888
190 249 251 313 186
377 246 410 304 L
427 242 574 302 ANNAEI
596 239 770 302 SENECAE
791 239 893 299 DIAL.
910 239 959 296 IX.

189 398 372 476 gravissima
386 395 554 456 adducens.
582 393 677 452 Nemo
696 393 832 465 duraret,
856 392 883 450 si
897 408 999 451 rerum
1012 391 1162 452 adversa·

188 501 254 544 rum
269 481 407 542 eamdem
422 479 482 537 vim
498 477 667 538 adsiduitas
688 475 814 535 baberet
829 481 919 550 quam
941 476 1055 550 primus
1070 475 1162 536 ictus.

156 568 301 630 30mnes
325 580 392 624 cum
414 565 535 622 fortuna
557 560 690 634 copulati
707 575 829 620 sumus·
851 558 979 619 aliorum
1000 575 1096 619 aurea
1111 576 1161 620 ca-

188 661 259 712 tena
281 657 342 722 est,
364 647 490 706 aliorum
518 646 603 716 laxa,
626 643 753 703 aliorum
779 649 844 702 arta
868 650 898 702 et
923 643 1059 703 sordida.
1103 643 1163 702 sed

190 734 264 810 quid
278 734 391 791 refert?
418 729 525 788 eadem
541 727 681 787 custodia
695 729 856 788 universos
873 726 1072 788 circumdedit
1086 727 1162 786 adli·

189 818 314 894 gatique
335 822 406 874 sunt
426 814 515 871 etiam
535 812 586 886 qui
606 810 829 884 adligaverunt,
851 809 910 869 nisi
928 811 1004 870 torte
1019 817 1052 870 tu
1066 810 1161 886 levio·

188 917 251 960 tem
265 901 295 958 in
311 898 432 956 sinistra
445 903 582 954 catenam
596 901 701 968 putas:
714 894 804 952 alium
817 893 966 966 honores,
983 893 1074 952 alium
1083 910 1160 968 opes

192 984 334 1042 vinciunt.
361 979 511 1054 quosdam
531 977 688 1049 nobilitas,
710 977 860 1052 quosdam
874 976 1026 1036 humilitas
1043 978 1161 1050 premit

191 1065 373 1142 quibusdam
394 1063 493 1123 aliena
509 1077 601 1136 supra
617 1068 709 1135 caput
728 1060 855 1135 imperia
869 1067 954 1133 sunt,
977 1059 1161 1134 quibusdam

192 1167 258 1210 sua
289 1148 439 1223 quosdam
462 1145 553 1205 exilia
572 1161 633 1204 uno
654 1145 723 1204 loco
745 1151 862 1216 tenent,
885 1144 1037 1217 quosdam
1057 1159 1160 1204 sacer-

158 1245 176 1298 4
191 1234 282 1294 dotia
312 1229 416 1291 Omnis
437 1231 499 1290 vita
513 1229 667 1288 servulum
689 1236 745 1288 est.
775 1227 1032 1288 Adsuescendum
1046 1235 1095 1288 est
1108 1228 1161 1286 ita-

157 1332 252 1392 que
266 1314 437 1377 condicioni
451 1329 526 1373 suae
541 1320 572 1372 et
586 1328 676 1387 quam
687 1313 840 1370 minimum
853 1311 892 1370 de
905 1311 957 1371 illa
972 1311 1163 1386 querendum

192 1409 221 1462 ct
244 1399 390 1476 quicquid
408 1395 501 1457 habet
528 1396 610 1456 circa
639 1412 673 1456 se
701 1395 868 1468 commodi,
899 1375 1162 1470 adprendendum.

191 1483 264 1543 nihil
282 1491 343 1543 tam
361 1482 504 1542 acerbum
527 1489 590 1552 est,
612 1479 641 1538 in
658 1495 719 1554 quo
735 1495 796 1539 non
812 1494 931 1554 aequus
947 1480 1065 1540 animus
1081 1480 1162 1538 sola·
1262 1499 1263 1506 ¹

191 1568 264 1627 tium
286 1566 428 1631 inveniat
457 1563 594 1637 Exiguae
615 1579 710 1637 saepe
730 1578 821 1622 areae
842 1561 872 1622 in
890 1563 1002 1622 multos
1016 1579 1094 1622 usus
1110 1562 1162 1622 de,

192 1650 352 1710 scribentis
374 1654 437 1706 arte
457 1654 619 1721 patuerunt
642 1655 673 1706 et
698 1645 837 1720 quamvis
865 1654 1027 1720 angustum
1053 1647 1163 1720 pedem

192 1731 354 1808 dispositio
376 1731 446 1790 lecit
467 1729 669 1790 habitabilem.
699 1729 810 1788 adhibe
832 1730 979 1788 rationem
1002 1729 1162 1788 difficulta-

190 1816 287 1876 tibus:
309 1821 441 1890 possunt
455 1821 485 1874 et
499 1815 575 1873 dura
589 1813 698 1873 molliri
713 1820 743 1872 et
758 1820 887 1887 angusta
901 1813 997 1872 laxari
1013 1820 1043 1872 et
1056 1813 1164 1886 gravia

159 1900 267 1964 ascite
291 1899 415 1960 ferentis
438 1899 537 1958 minus
561 1912 707 1972 premere.
737 1897 803 1954 Non
819 1890 890 1956 su'nt
904 1904 1063 1971 praeterea
1078 1896 1162 1970 cupi-

193 1984 302 2044 ditates
328 1984 358 2042 in
379 1983 579 2056 longinquum
604 1979 780 2053 mittendae,
810 1980 919 2039 sedin
945 1981 1078 2039 vicinum
1104 1980 1163 2038 illis
1263 2015 1264 2018 =

192 2068 296 2140 egredi
317 2065 539 2141 permittamuS,
571 2063 713 2139 quoniam
741 2063 854 2122 includi
882 2079 921 2122 ex
945 2072 1008 2124 toto
1029 2080 1092 2124 non
1111 2079 1163 2138 pa-

191 2151 313 2209 tiuntur.
340 2149 455 2208 relictis
470 2147 534 2220 his,
552 2163 631 2222 quae
647 2154 773 2207 autnon
789 2154 921 2220 possunt
935 2147 1001 2206 fieri
1016 2155 1068 2207 aut
1083 2147 1163 2206 diiii-

192 2233 288 2292 culter
304 2237 447 2307 possunt,
471 2246 569 2304 prope
591 2230 692 2305 posita
707 2232 836 2304 speique
851 2237 974 2290 nostrae
988 2231 1165 2292 adludentia

185 2326 371 2390 sequamur,
394 2313 450 2372 sed
465 2313 717 2374 sciamus'onmia
735 2330 834 2388 aeque
848 2313 928 2374 levia
942 2331 1029 2388 esse,
1050 2315 1164 2374 extrin-

192 2414 283 2458 secus
299 2397 438 2457 diversas
462 2397 556 2466 iacies
576 2396 731 2472 habentia,
761 2398 910 2458 introrsus
933 2399 1044 2474 pariter
1074 2413 1163 2456 vana.

191 2498 248 2540 nec
269 2481 459 2541 invideamus
480 2481 569 2541 altius
592 2481 754 2542 stantibus:
777 2497 857 2556 quae
878 2483 1003 2542 excelsa
1018 2479 1163 2542 videban-

160 2573 252 2639 6tur,
276 2571 440 2642 praerupta
455 2572 534 2624 sunt.
562 2565 606 2623 lili
621 2581 743 2639 rursus,
767 2581 844 2638 quos
860 2581 929 2626 sors
945 2564 1048 2640 iniqua
1062 2566 1093 2624 in
1110 2581 1164 2624 an-

192 2650 274 2724 cipiti
291 2649 407 2725 posuit,
428 2649 556 2709 tutiores
571 2656 659 2708 erunt
674 2648 848 2723 superbiam
864 2648 1052 2708 detrahendo
1068 2647 1164 2707 rebus

191 2748 247 2807 per
262 2749 297 2794 se
312 2732 454 2806 superbis
477 2739 508 2792 et
525 2734 676 2792 fortunam
692 2747 793 2802 suam,
816 2748 907 2805 quam
927 2732 1058 2792 maxime
1080 2739 1164 2806 pote-

190 2824 277 2890 runt,
298 2817 329 2875 in
345 2816 467 2890 planum
484 2816 661 2876 deferendo.
697 2815 780 2876 multi
797 2816 920 2889 quidem
942 2824 1028 2888 sunt,
1051 2815 1165 2890 quibus

191 2899 368 2960 necessario
393 2899 581 2958 haerendum
606 2900 696 2959 sitin
717 2898 837 2972 lastigio
859 2915 931 2974 suo,
958 2915 997 2958 ex
1019 2915 1080 2974 quo
1102 2915 1164 2958 non

98 3023 102 3036 .
190 2990 324 3056 possunt
339 2983 396 3042 nisi
412 2982 551 3042 cadendo
568 2983 773 3042 descendere:
789 2984 845 3042 sed
860 2983 919 3042 hoc
935 2983 1035 3057 ipsum
1052 2989 1165 3042 testen-

190 3073 238 3124 tur
258 3065 422 3126 maximum
445 3081 522 3126 onus
545 3082 630 3126 suum
653 3082 739 3137 esse,
767 3066 851 3140 quod
871 3065 939 3126 aliis
960 3081 1071 3140 graves
1093 3080 1166 3125 esse

191 3157 351 3222 cogantur,
368 3165 426 3209 nec
441 3148 618 3212 sublevatos
634 3165 684 3222 se,
703 3149 759 3210 sed
773 3150 915 3210 suffixos.
930 3150 1059 3223 iustitia,
1081 3165 1165 3208 man-

179 3232 351 3290 suetudine
374 3233 520 3306 bumana,
550 3233 640 3306 larga
660 3241 690 3292 et
714 3233 844 3307 benigna
868 3249 962 3293 manu
981 3239 1168 3308 praeparent

189 3315 283 3372 multa
297 3314 337 3373 ad
347 3315 504 3386 secundos
520 3331 611 3374 casus
624 3316 791 3390 praesidia,
808 3332 937 3391 quorum
951 3332 1009 3391 spe
1023 3317 1164 3376 securius

189 3397 352 3472 pendeant.
395 3397 468 3454 nihil
495 3406 594 3458 tamen
615 3415 713 3472 aeque
739 3401 797 3460 bos
825 3399 863 3459 ab
884 3400 931 3460 his
954 3391 1048 3460 animi
1065 3398 1163 3460 flucti-

190 3480 249 3540 bus
264 3479 478 3554 vindicaverit,
497 3497 588 3555 quam
611 3497 733 3556 semper
747 3482 1088 3557 aliquemincrementis
1105 3490 1165 3542 ter·
