2546 3890
212 221 275 286 arc
385 220 423 282 a.
444 218 590 304 annam
609 215 784 280 sumena
804 217 908 278 urna.
928 215 993 276 xn.
1052 271 1053 274 γ

213 372 386 450 splendent.
413 375 444 432 et
467 367 529 430 hoc
554 367 754 444 cogitandum
768 373 831 442 est,
852 367 911 427 ista
925 367 1008 427 veris
1022 367 1115 428 bonis
1129 383 1185 442 per
1259 419 1260 460 ,

213 459 291 518 laisa
311 463 341 516 et
362 467 457 530 prave
479 452 593 514 creditu
614 451 747 512 obstare.
782 450 849 525 Quo
869 451 1025 526 longiores
1047 451 1184 526 porticus

212 539 412 618 expedierint,
427 554 489 614 quo
504 537 594 598 altitu
608 541 707 596 turres
722 534 908 610 sustulerint,
921 551 982 609 quo
994 535 1084 596 latius
1097 535 1184 596 vicos

213 623 409 696 correxerint,
426 637 487 698 quo
503 620 683 696 depressius
697 619 831 680 aestivos
843 633 957 694 specus
969 617 1110 694 foderint,
1123 635 1184 692 quc

212 708 320 771 maiori
340 708 420 768 mole
441 704 562 780 fastigia
576 703 788 765 coenationum
802 701 1017 776 subduxerint,
1038 701 1099 762 hoc
1114 704 1185 778 plus

184 794 282 867 serit,
309 789 393 868 quod
411 787 471 850 illis
491 789 611 849 eoelum
630 786 809 849 abscondat.
840 787 874 846 ln
895 802 963 846 eam
983 794 1013 848 te
1028 786 1185 862 regionem

214 892 306 938 casus
329 874 429 946 eiecit,
449 872 479 932 in
501 887 563 946 qna
578 871 778 932 lautissimum
792 871 1019 946 receptaculum
1034 885 1108 930 casa
1121 878 1184 931 est=

213 977 271 1022 nae
286 966 318 1020 tu
331 957 432 1034 pusilli
446 954 538 1015 animi
551 970 585 1016 es
599 961 630 1016 et
642 954 766 1016 sordide
780 970 814 1016 se
829 953 1027 1028 consolantis,
1036 954 1062 1014 si
1075 953 1146 1014 ideo
1154 954 1186 1014 id

213 1043 330 1106 fortiter
345 1040 466 1117 pateris,
479 1037 552 1116 quia
561 1039 681 1100 Romuli
692 1053 795 1100 oasam
807 1037 898 1100 nosti.
920 1037 970 1099 die
981 1037 1055 1098 illud
1066 1039 1185 1112 potius:
1259 1067 1260 1116 ,

213 1127 296 1191 istud
314 1123 427 1187 humile
447 1123 601 1200 tugurium
614 1137 724 1198 nempe
738 1122 863 1182 virtutes
877 1119 1001 1196 recipit:
1016 1121 1076 1182 iam
1091 1123 1186 1182 omni·
1259 1129 1260 1134 ’

213 1213 272 1273 bus
298 1208 420 1285 templis
446 1209 610 1276 formosius
633 1207 704 1281 erit,
722 1221 792 1268 cum
811 1205 872 1266 illic
891 1205 1005 1266 iustitia
1019 1213 1188 1282 conspecta
1233 1210 1236 1217 '
1259 1267 1260 1294 ἦ

215 1295 318 1368 luerit,
340 1309 408 1355 cum
423 1291 622 1364 continentia,
644 1307 711 1351 cum
728 1289 902 1366 prudentia,
923 1289 1036 1365 pietas,
1053 1291 1188 1351 omnium

215 1377 386 1440 officiorum
405 1384 489 1438 recte
511 1375 789 1451 dispensandorum
808 1375 901 1449 ratio,
926 1373 1125 1436 humanorum
1142 1375 1187 1434 di·

216 1463 421 1536 vinorumque
430 1458 566 1522 scientia.
588 1460 693 1521 Nullus
706 1465 855 1534 angustus
871 1465 919 1521 est
931 1460 1028 1534 locus,
1045 1460 1188 1536 quibanc
1259 1527 1260 1542 χ

215 1544 1188 1622 tammagnarumvirtutumturbamcapit.nullumexiliumgrave

187 1629 277 1704 test,
303 1629 334 1689 in
353 1629 444 1704 ,quod
467 1629 538 1690 lieet
558 1645 626 1690 curn
647 1629 708 1690 hoc
727 1630 771 1689 ire
791 1631 943 1692 comitatu.
974 1629 1088 1691 Brutus
1103 1631 1134 1690 in
1149 1645 1187 1689 eo
1259 1635 1260 1642 ’

218 1715 308 1786 libro,
326 1729 416 1788 quem
430 1713 475 1774 de
489 1712 635 1774 virtute
649 1714 825 1789 conposuit,
847 1713 889 1776 ait
903 1729 937 1775 se
950 1713 1128 1775 Marcellum
1143 1714 1187 1773 vi-

217 1797 301 1860 disse
315 1796 470 1876 Mytilenis
491 1799 662 1858 exulantem
683 1807 714 1858 et
734 1805 879 1874 quantum
900 1799 991 1860 modo
1011 1807 1118 1860 natura
1132 1798 1189 1860 bo·
1259 1799 1260 1858 ἴ

216 1882 305 1943 minis
320 1889 487 1958 pateretur,
503 1879 678 1941 beatissime
693 1879 845 1942 viventem
859 1897 960 1958 neque
973 1899 1118 1959 umquam
1135 1899 1188 1944 cu·
1259 1953 1260 1960 ,

217 1966 366 2042 pidiorem
381 1963 529 2028 bonarum
543 1965 651 2026 artium
666 1981 755 2041 quam
771 1966 822 2027 illo
838 1973 981 2043 tempore.
1005 1967 1108 2042 itaque
1122 1967 1188 2028 adi·
1259 1999 1260 2020 r

217 2049 272 2110 cit=
292 2053 384 2112 uisum
397 2052 454 2112 sibi
466 2067 498 2110 se
511 2052 605 2124 napis
618 2052 649 2110 tn
663 2053 784 2111 exilium
799 2053 857 2126 tre,
873 2054 926 2127 qui
932 2053 999 2113 ‘sine
1011 2054 1062 2113 illo
1073 2051 1188 2113 reditu-
1259 2085 1260 2092 ,

188 2135 269 2194 brus
290 2139 376 2205 esset,
399 2151 487 2208 pacm
508 2137 589 2194 ittam
603 2135 634 2193 tn
646 2137 736 2196 cattio
749 2137 886 2210 relinqui.
921 2135 1188 2211 Oiortunatiorem
1259 2215 1260 2218 Ἴ

215 2217 391 2298 Marcellum
413 2231 450 2276 eo
469 2223 620 2292 tempore,
647 2235 708 2294 qno
724 2218 846 2280 exilium
863 2235 952 2280 suum
965 2220 1059 2282 Bruto
1075 2220 1188 2297 adpro·
1259 2225 1260 2294 ζ

215 2299 311 2372 bavit,
337 2316 428 2375 quam
455 2317 516 2376 quo
540 2299 727 2375 reipublicae
752 2303 958 2365 consulatum!
982 2311 1115 2381 quantus
1141 2303 1190 2363 vir
1259 2337 1260 2376 3

217 2383 267 2444 ilie
282 2383 350 2458 luit,
366 2385 424 2461 ’qui
440 2381 555 2458 effecit,
576 2392 609 2445 ut
622 2387 733 2462 aliqu1s
749 2387 820 2448 exul
834 2386 893 2448 sibi
907 2388 1075 2463 videretur,
1102 2388 1190 2464 quod
1259 2399 1260 2472 j

217 2467 255 2528 ab
276 2470 366 2528 exule
387 2469 565 2530 recederat
597 2479 727 2545 quantus
743 2469 789 2531 vir
803 2471 872 2545 suit,
899 2472 996 2548 quiin
1014 2472 1188 2534 admiratio·
1259 2503 1260 2520 1

216 2568 285 2612 nem
310 2552 358 2612 sui
384 2551 511 2613 adduxit
531 2553 682 2614 hominem
698 2553 789 2615 etiam
804 2555 908 2616 Catoni
923 2571 980 2617 suc
996 2553 1191 2617 mirandum?
1259 2635 1260 2640 ἵ

188 2636 300 2696 bidem
325 2636 435 2698 Brutus
460 2637 516 2696 ait:
546 2637 748 2700 adamarent
764 2639 923 2716 Mytilenas
935 2648 1189 2716 praetervectum,
1259 2645 1260 2720 j

215 2723 286 2795 qnia
300 2737 358 2780 non
370 2723 526 2781 sustineret
538 2722 639 2782 etdme
652 2723 850 2797 deformatum
864 2727 969 2785 utram.
1002 2726 1047 2785 illi
1063 2725 1189 2801 quidem
1259 2779 1260 2782 ,

214 2802 346 2864 reditum
366 2804 529 2878 inpetravit
549 2813 675 2865 senatus
695 2805 826 2881 publicis
842 2807 985 2882 precibus
998 2809 1190 2870 tamsolliei·

214 2893 264 2947 tus
286 2903 322 2946 ae
343 2895 493 2958 moestus,
515 2895 549 2948 ut
570 2905 676 2950 omnes
696 2890 747 2948 illo
763 2889 813 2950 die
824 2890 910 2952 Bruti
924 2891 1039 2954 habere
1055 2893 1190 2954 animum

214 2970 392 3032 viderentur
415 2978 447 3031 et
467 2989 529 3032 non
550 2989 607 3048 pro
622 2973 783 3048 Marcello,
809 2976 866 3035 sed
887 2991 944 3050 pro
960 2992 995 3036 se
1011 2976 1188 3052 deprecari,

215 3069 255 3113 ne
279 3055 386 3115 exules
413 3063 531 3128 essent,
559 3057 585 3116 si
610 3056 677 3118 sine
697 3056 749 3118 illo
770 3057 915 3120 fuissent:
936 3061 993 3120 sed
1007 3061 1078 3136 plus
1094 3061 1189 3120 multo

216 3145 403 3198 consecutus
423 3147 486 3212 est,
513 3156 574 3213 quo
591 3139 640 3199 die
654 3141 737 3200 illum
753 3143 873 3202 exulem
886 3142 999 3204 Brutus
1014 3144 1190 3220 relinquere
1259 3179 1260 3206 l

216 3236 277 3280 non
293 3219 404 3294 potuit,
422 3222 535 3283 Caesar
550 3223 662 3283 videre.
685 3226 811 3300 contigit
827 3224 906 3286 enim
925 3226 965 3286 illi
981 3227 1191 3289 testimouium

216 3302 390 3376 utriusque:
405 3305 517 3366 Brutus
532 3307 599 3366 sine
609 3305 754 3369 Marcello
769 3311 881 3371 reverti
898 3325 933 3371 se
948 3311 1058 3385 doluit,
1074 3311 1192 3372 Caesar
1259 3355 1260 3374 l

188 3385 344 3448 terubuit.
376 3387 451 3446 Num
472 3389 607 3464 dubitas,
635 3391 708 3465 quin
730 3393 829 3453 seille
844 3393 1007 3455 Marcellus
1024 3402 1127 3456 tantus
1142 3395 1192 3452 vir
1259 3389 1260 3464 f

217 3469 262 3530 sic
279 3469 318 3529 ad
333 3469 524 3532 tolerandum
539 3487 638 3548 aequo
653 3475 753 3536 animo
767 3476 888 3536 exilium
901 3493 995 3554 saepe
1007 3479 1191 3540 adhortatus
