2554 3888
172 237 807 306 nopouisslllllulaconscissione.
821 255 1013 322 10-12.[31.]
1034 249 1099 312 229

123 387 204 466 quit,
225 391 318 452 alium
338 389 368 452 in
389 398 525 452 extrema
543 401 701 456 senectute
721 396 877 471 fatigatum
893 400 953 460 inm
968 408 1002 461 et
1013 403 1097 462 exire

122 474 295 550 cupientem
316 475 371 534 vix
391 476 510 536 emittit=
533 477 597 540 alio
616 477 741 553 quidem
761 487 854 556 atque
874 483 933 543 alio
948 489 1096 560 tempore,

122 573 229 619 omnes
244 557 390 620 tamenin
405 560 546 620 eumdem
560 561 664 622 locum
673 563 835 626 tendimus.
863 567 1009 628 Utrumne
1023 571 1096 631 stul·

121 641 185 722 tius
195 642 252 716 sit,
269 641 391 716 nescio,
407 644 596 706 mortalitatis
612 645 710 720 legem
722 647 880 724 gnorare,
895 667 935 712 an
945 651 1095 726 inpuden-

120 727 197 800 tius,
218 741 373 798 recusare.
409 727 552 802 Agedum
570 728 636 802 illa,
659 747 739 804 quae
758 734 852 792 multo
865 734 979 809 ingenii
992 737 1035 795 tui
1051 739 1123 796 lae

120 811 197 870 here
212 809 365 871 celebrata
380 817 467 883 suut,
488 811 520 870 in
534 827 643 872 manus
655 829 757 890 sume,
779 816 952 878 utriuslibet
962 821 1096 880 auctoris

122 894 273 969 ommino,
300 909 380 969 quae
399 901 433 958 tu
454 894 497 956 ita
514 897 691 973 restitisti,
721 906 755 959 ut
780 902 921 974 quamvis
945 909 1097 964 structura

121 980 243 1040 illorum
255 979 436 1054 recesserit,
452 988 629 1055 permaneat
643 989 743 1044 umen
759 983 867 1058 gratia.
892 986 937 1045 sic
952 987 1097 1047 animilia

122 1079 162 1124 ex
178 1061 238 1124 alia
250 1063 356 1138 lingua
368 1064 399 1124 in
411 1064 505 1130 ,aliam
517 1065 714 1140 transtulisti,
727 1075 775 1140 ut,
790 1070 875 1142 quod
886 1069 1096 1132 difficillimum

123 1155 202 1222 erat,
226 1162 333 1207 omues
344 1148 470 1210 virtutes
482 1149 511 1208 in
524 1149 653 1210 alienam
663 1157 694 1210 te
705 1150 876 1214 maionem
885 1161 1009 1214 secutae
1021 1155 1095 1215 sint:

122 1231 226 1292 nullus
244 1231 301 1292 erit
320 1231 351 1290 in
371 1233 430 1294 illis
454 1232 576 1308 scriptis
593 1233 684 1306 liber,
707 1235 759 1310 qui
774 1251 837 1298 non
852 1236 982 1310 plurima
996 1240 1094 1298 varie-

121 1315 193 1378 tatis
215 1315 368 1378 humanae
387 1317 633 1390 incertorumque
653 1333 780 1379 emulum
797 1328 827 1381 et
847 1321 1040 1381 lacrimarum
1056 1338 1094 1380 ex

122 1399 184 1460 alia
209 1407 301 1474 atque
326 1401 387 1460 alia
404 1417 499 1460 causa
518 1400 676 1463 fluentium
701 1405 843 1477 exempla
865 1405 917 1463 tibi
942 1413 1094 1480 suggerat.

121 1483 219 1558 Lege,
244 1491 358 1558 quanto
380 1485 488 1560 spiritu
500 1485 674 1560 ingentibus
686 1486 854 1548 intonueris
869 1488 978 1548 relius:
1001 1490 1123 1563 pudeo

121 1566 167 1628 bit
187 1574 217 1626 te
239 1567 342 1628 subite
355 1569 496 1630 'deiicere
514 1575 545 1628 et
565 1585 603 1629 ex
625 1576 707 1630 tanta
728 1571 873 1631 orationis
888 1573 1096 1647 magnitudine

123 1649 310 1724 desciscere.
332 1667 371 1712 ne
385 1651 590 1727 commiseris,
603 1661 635 1713 nt
647 1653 788 1728 quisquis
800 1657 945 1730 exemplo
955 1671 991 1715 ae
1002 1657 1095 1717 mode

123 1735 238 1809 scripta
252 1741 305 1802 tua
315 1733 484 1811 mirabitur,
505 1745 633 1811 quaerat
644 1739 799 1811 quomodo
810 1746 872 1798 tam
883 1739 1011 1813 grandia
1021 1747 1096 1800 tam

125 1835 186 1893 que
199 1818 299 1878 solida
313 1825 374 1878 tam
389 1820 504 1894 fragilis
520 1819 639 1880 animus
655 1823 838 1895 conceperit.
1164 1889 1165 1892 Ἴ

186 1901 250 1964 Xll.
281 1901 415 1964 Potius
443 1904 488 1962 ab
517 1903 608 1963 istis
627 1909 678 1975 te,
707 1919 806 1978 quae
825 1908 1024 1980 torquent,
1050 1906 1123 1965 adl

123 1986 218 2048 haec
238 1992 344 2046 tutet
362 1994 483 2060 tanta,
505 1988 887 2062 quaeconsolantur,
910 1995 1096 2049 converte
1183 2056 1185 2066 ,

125 2085 162 2131 ac
173 2069 295 2144 respice
302 2070 434 2145 optimos
446 2071 565 2141 iratres,
579 2071 701 2145 respice
708 2085 845 2144 uxorem
860 2072 955 2134 filium
963 2073 1095 2146 respice.
1195 2101 1199 2104 ·

125 2169 185 2229 pro
197 2153 331 2214 emnium
344 2154 452 2216 horum
466 2157 566 2215 salute
578 2153 637 2216 hac
646 2161 746 2216 tecum
757 2155 900 2230 portione
911 2157 1033 2216 fortuna
1044 2157 1096 2215 de·

125 2236 205 2299 cidit.
243 2237 358 2298 Multos,
371 2238 483 2311 habes,
498 2239 528 2298 in
544 2238 658 2314 quintus
671 2239 873 2317 adquiescas:
896 2245 962 2314 [31]
986 2239 1096 2299 abhas

124 2328 154 2382 te
170 2321 293 2382 infamia
307 2322 443 2394 vindica,
458 2337 497 2382 ne
511 2323 651 2383 videatur
665 2323 806 2384 omnibus
821 2324 892 2398 plus
907 2325 990 2400 apud
1002 2332 1034 2383 te
1043 2340 1095 2382 va-

124 2407 188 2468 lere
210 2421 293 2466 unus
312 2406 401 2468 dolor
422 2423 514 2481 quam
533 2406 609 2468 haec
628 2413 690 2468 tam
714 2410 808 2468 multa
829 2409 950 2468 solatia
992 2407 1124 2470 Omnisa

124 2488 203 2552 istos
218 2506 279 2550 una
291 2497 391 2554 tecum
406 2493 567 2565 perculsus
581 2489 668 2552 vides
680 2507 738 2552 nec
749 2507 844 2566 posse
855 2492 908 2552 tibi
923 2491 1096 2563 subvenire,

124 2573 217 2638 immo
234 2574 324 2633 etiam
341 2574 419 2634 ultre
435 2581 630 2650 exspectare,
652 2580 686 2636 ut
700 2591 720 2634 a
732 2582 763 2634 te
777 2575 988 2647 subleventur,
1010 2574 1096 2632 intei-

124 2657 214 2731 legis.
242 2665 273 2720 et
292 2656 362 2720 ideo
386 2666 500 2732 quanto
519 2659 618 2720 minus
640 2659 670 2718 in
685 2659 746 2719 illis
760 2659 918 2718 decumae
933 2659 1096 2731 minusque

124 2737 316 2815 ingeniosi,
338 2748 421 2802 tanto
432 2743 529 2816 magis
541 2742 691 2802 obsistere
702 2750 732 2804 te
744 2756 874 2802 necesse
886 2750 933 2801 est
944 2740 1097 2800 communi

121 2825 216 2886 male
238 2831 286 2888 est
300 2833 401 2885 autem
414 2825 473 2885 hoo
489 2828 590 2900 ipsum
605 2827 704 2886 solatii
720 2828 804 2898 loeo,
828 2826 904 2885 inter
919 2827 1030 2886 multos
1042 2825 1097 2882 do·

9 2947 10 2954 1
125 2909 220 2968 ierem
243 2923 332 2983 suum
348 2909 500 2974 dividere=
528 2907 580 2982 qui
596 2909 667 2982 quia
682 2910 878 2984 dispensatur
889 2909 970 2968 inter
981 2911 1096 2982 plures,

9 3001 11 3028 ¹
126 2992 239 3068 exigua
256 2993 349 3062 debet
363 2993 446 3068 eptud
462 3001 491 3052 te
509 3001 595 3066 parte
611 2993 781 3054 subsideret
820 2993 900 3052 Nan
921 2993 1126 3057 desinama

125 3075 273 3144 totiens
294 3077 364 3135 tibi
386 3076 532 3136 oilcrre
548 3076 759 3138 Caesarem.
785 3076 836 3138 illo
848 3076 1026 3136 moderante
1038 3082 1097 3134 ter·

125 3174 178 3218 ras
200 3165 231 3220 et
255 3159 449 3231 ostendente,
480 3167 593 3236 quanto
618 3160 725 3222 melius
751 3159 916 3221 beneficiis
937 3158 1097 3234 imperium

127 3242 316 3303 custodiatur
328 3259 420 3318 quam
434 3244 543 3316 armis,
563 3244 614 3306 illo
626 3243 722 3304 rebus
729 3242 870 3304 ltumanis
883 3244 1098 3318 praesidendo

126 3333 174 3386 est
190 3326 373 3401 periculum,
396 3343 435 3387 ne
449 3327 524 3402 quid
538 3327 716 3403 perdidisse
725 3333 755 3386 ts
769 3327 893 3388 sentias.
918 3327 1098 3388 inhooune
1201 3386 1204 3390 ,
1267 3355 1268 3366 ¹

125 3409 179 3470 tibi
194 3410 269 3472 satis
284 3411 446 3486 praesidii,
466 3411 541 3471 satis
556 3411 654 3471 solatii
666 3418 727 3471 est:
749 3411 862 3472 adtolle
872 3418 902 3471 ie
914 3420 944 3471 et
955 3411 1098 3486 quotiens

126 3494 271 3554 lacrimae
283 3495 585 3558 suboriunturoculis
598 3494 672 3583 tuis,
691 3495 801 3556 totiens
813 3494 884 3556 illos
895 3495 926 3554 in
938 3494 1099 3553 Caesarem
