2522 3906
202 222 245 285 10
259 225 392 284 DlAL.I.
404 225 536 300 outae*
544 225 691 298 ALIQUA
704 224 937 288 INCOMMODA
947 226 1063 289 BONIS
1072 228 1176 291 VIRIS

196 377 295 436 titiam
310 371 358 435 sui
373 375 593 450 experimento.
618 373 690 449 quid
705 375 838 450 quisque
851 382 960 450 posset
971 377 1030 438 nisi
1041 383 1188 453 temptam·

202 461 242 520 do
265 476 325 519 non
349 459 462 518 didicit.
496 458 601 534 itaque
615 457 738 532 quidam
762 457 824 533 ipsi
844 460 922 520 ultro
945 477 979 520 se
994 461 1186 522 cessantibus

201 543 291 603 malis
307 543 481 602 obtulerunt
495 543 526 601 et
538 541 638 601 virtuti
653 542 750 600 iturae
764 542 794 601 in
810 542 977 603 obscurum
993 545 1185 606 occasionem

166 642 257 702 aper
274 641 365 700 quam
383 626 565 685 enitesceret
580 623 788 700 quaesierunt.
812 625 961 701 Gaudent,
977 628 1111 703 inquam,
1126 645 1186 688 ma-

201 710 252 786 gni
269 710 325 769 vlri
340 709 505 783 aliquando
521 708 614 768 rebus
629 708 785 783 adversis,
806 726 867 769 non
884 711 971 770 aliter
987 728 1079 786 quam
1094 713 1185 772 fortes

201 794 312 854 milites
334 791 441 860 bellis3
462 791 657 866 Triumphum
678 807 736 866 ego
758 795 979 853 murmillonem
996 795 1053 854 sub
1068 795 1185 856 Tiberio

202 877 334 936 Caesare
359 875 398 934 de
424 875 547 936 raritate
573 890 732 934 munerum
753 877 856 936 audivi
882 884 1075 952 querentem-2
1100 895 1186 954 qaam

200 961 291 1034 bella,
309 960 415 1034 inquil,
430 966 513 1020 aetas
527 957 629 1034 perit!
648 960 750 1019 Avida
764 967 811 1020 est
825 962 953 1036 periculi
968 963 1065 1022 virtus
1080 971 1110 1022 et
1125 979 1184 1037 quo

200 1044 311 1116 tendat,
328 1060 390 1104 non
406 1044 479 1118 quid
494 1059 627 1117 passura
642 1043 681 1103 sit
696 1044 823 1118 cogitat:
840 1047 983 1119 quoniam
999 1047 1087 1105 etiam
1104 1047 1186 1121 quod

201 1143 333 1202 passura
360 1135 421 1199 est,
451 1127 568 1201 gloriae
589 1143 663 1201 pars
686 1133 741 1186 cst.
775 1128 921 1189 militares
942 1130 998 1188 viri
1021 1129 1186 1204 gloriantur

200 1211 391 1282 volneribuS,
412 1211 483 1270 laeti
503 1209 649 1270 liuentem
663 1209 781 1270 meliori
796 1227 872 1273 casu
887 1213 1068 1287 sanguinem
1084 1220 1185 1274 osten·

200 1301 272 1354 tant.
305 1295 384 1353 idem
407 1294 478 1354 licet
498 1293 625 1354 iecerint
640 1293 691 1369 qui
710 1295 822 1369 integri
837 1303 1030 1356 revertuntur
1051 1313 1089 1356 ex
1110 1297 1184 1370 acie,

165 1379 297 1454 amagis
319 1385 475 1454 spectatur
498 1379 550 1452 qui
572 1379 697 1438 saucius
712 1379 799 1438 redit.
828 1381 924 1455 Ipsis,
945 1381 1085 1456 inquam,
1107 1381 1184 1440 deus

123 1528 125 1533 .
201 1461 348 1534 consulit,
369 1478 447 1536 quos
468 1477 540 1521 esse
560 1478 652 1536 quam
669 1463 905 1524 honestissimos
923 1465 1021 1539 cupit,
1043 1462 1185 1539 quotiens

193 1546 259 1606 illis
274 1545 428 1604 materiam
447 1545 574 1619 praebet
588 1545 703 1618 aliquid
719 1545 857 1607 animose
878 1547 1056 1623 fortiterque
1073 1548 1185 1606 lacien-

202 1629 247 1702 di,
270 1629 310 1687 ad
332 1643 423 1702 quam
443 1634 507 1688 rem
523 1645 604 1702 opus
620 1635 668 1688 est
682 1629 787 1704 aliqua
800 1647 902 1690 rerum
919 1631 1111 1692 difficultate:
1131 1646 1186 1704 gu-

187 1713 392 1772 bernatorem
407 1713 641 1786 intempestate,
656 1714 686 1772 in
701 1713 768 1773 acie
780 1715 903 1776 militem
918 1714 1086 1788 intellegas.
1104 1714 1187 1774 unde

199 1811 329 1870 possum
345 1795 439 1868 scire,
462 1805 608 1871 quantum
624 1797 774 1856 adversus
789 1805 999 1873 paupertatem
1019 1799 1071 1858 tibi
1095 1797 1186 1858 animi

193 1880 252 1952 sit,
276 1880 302 1938 si
317 1879 429 1939 divitiis
447 1878 585 1941 diffluis?
609 1881 691 1940 unde
708 1897 838 1956 possum
854 1883 949 1956 scire,
972 1887 1117 1957 quantum
1132 1882 1185 1941 ad-

194 1979 309 2028 versus
328 1961 524 2038 ignominiam
546 1971 576 2024 et
597 1963 750 2024 infamiam
766 1965 932 2040 odiumque
947 1966 1098 2041 populare
1113 1982 1185 2026 con·

192 2050 329 2107 stantiae
348 2047 480 2121 habene,
504 2049 531 2108 si
552 2047 630 2107 inter
647 2049 775 2122 plausus
790 2050 945 2124 senesciS,
967 2050 993 2109 si
1008 2057 1037 2108 te
1053 2050 1185 2124 inexpu-

196 2131 328 2204 gnabilis
356 2138 385 2190 et
411 2131 606 2192 inclinatione
634 2133 767 2206 quadam
789 2134 935 2193 mentium
955 2149 1075 2208 pronus
1096 2135 1186 2193 lavor

195 2215 359 2289 sequitur?
379 2215 463 2274 unde
484 2215 565 2288 scio,
589 2232 681 2290 quam
702 2232 803 2292 aequo
826 2217 926 2276 animo
942 2219 1059 2278 laturus
1076 2217 1119 2276 sis
1137 2233 1186 2276 or·

197 2297 338 2372 bitatem,
356 2298 383 2356 si
400 2315 614 2374 quoscumque
630 2301 794 2376 sustulisti,
811 2301 921 2360 videst
937 2301 1040 2362 audivi
1054 2307 1099 2373 tc,
1115 2317 1186 2360 cum

199 2382 277 2442 alios
292 2383 511 2443 consolareris:
532 2389 605 2443 tunc
621 2385 871 2458 conspexissem,
893 2384 921 2444 si
936 2392 966 2444 te
986 2383 1055 2460 ipse
1072 2401 1184 2444 conso-

163 2465 277 2526 ciatus
293 2481 399 2540 esses,
423 2467 449 2526 si
470 2474 500 2526 te
514 2467 583 2541 ipse
598 2467 704 2527 dolere
718 2469 882 2530 vetuisses.
914 2469 1027 2542 Nolite,
1050 2467 1184 2528 obsecro

198 2566 271 2625 vos»,
293 2567 503 2626 expavescere
517 2552 591 2625 ista,
614 2566 694 2624 quae
709 2551 740 2610 di
754 2553 930 2612 inmortales
945 2552 1029 2610 velut
1042 2552 1185 2611 stimulos

198 2636 362 2696 admovent
376 2634 501 2695 animis:
517 2635 803 2716 calamitasvirtutis
819 2635 942 2696 occasio
958 2642 1014 2696 est.
1036 2634 1106 2696 illos
1122 2651 1186 2694 me-

191 2721 254 2780 rito
277 2721 345 2794 quis
367 2718 478 2779 dixerit
496 2719 643 2792 miseros,
664 2719 714 2792 qui
729 2719 821 2778 nimia
836 2718 978 2780 felicitate
993 2725 1185 2794 torpescunt,

164 2807 277 2878 iquos
292 2806 376 2863 velut
395 2802 426 2862 in
441 2803 612 2862 macilento
627 2802 828 2876 tranquillitas
848 2803 929 2862 iners
944 2803 1069 2862 detinet.
1094 2803 1186 2876 Quic-

198 2887 273 2962 quid
287 2887 346 2948 illis
362 2887 517 2960 inciderit,
532 2903 646 2946 novum
660 2885 771 2946 veniet.
793 2887 891 2962 magis
905 2894 1015 2960 urgent
1030 2901 1126 2946 saeva
1140 2886 1187 2945 in·

198 2981 359 3046 expertos:
381 2985 475 3046 grave
496 2977 545 3030 est
565 2969 678 3028 teneris
694 2969 866 3030 cervicibus
881 2970 995 3044 iugum.
1024 2970 1065 3030 ad
1080 2970 1185 3044 suspi-

190 3056 319 3116 cionem
339 3054 474 3116 volneris
496 3054 553 3112 tiro
575 3053 730 3127 pallescit,
752 3054 901 3114 audacter
914 3061 1078 3114 veteranus
1095 3068 1186 3113 cruo-

189 3155 261 3198 rem
275 3155 365 3200 suum
380 3143 512 3214 spectat,
537 3137 589 3212 qui
611 3137 669 3196 scit
683 3152 718 3196 se
733 3153 829 3212 saepe
843 3138 957 3198 vicisse
972 3147 1044 3214 post
1058 3136 1187 3210 sangui-

190 3240 277 3284 nem.
305 3225 371 3283 Hos
385 3223 490 3296 itaque
505 3221 583 3281 deus
599 3236 678 3294 quos
694 3219 818 3296 probat,
842 3239 922 3296 quos
940 3228 1033 3296 amat,
1051 3221 1186 3292 indurat,

195 3306 401 3382 recognoscit,
417 3311 549 3364 exercet.
572 3319 627 3364 eos
643 3311 745 3364 autem
757 3305 869 3380 quibus
881 3307 1041 3380 indulgere
1052 3305 1186 3376 videtur,

197 3391 310 3464 quibus
323 3404 459 3465 parcere,
472 3390 579 3449 molles
591 3388 728 3449 venturis
740 3390 828 3448 malis
840 3396 952 3450 servat.
973 3389 1081 3449 erratis
1093 3388 1188 3459 enim,

190 3472 226 3533 si
246 3489 337 3550 quem
356 3472 498 3534 iudicatis
519 3479 697 3548 exceptum
719 3474 821 3534 veniet
836 3474 875 3534 ad
896 3471 980 3534 illum
996 3473 1048 3534 diu
1062 3469 1189 3532 felicem
