2522 3906
178 249 223 312 lb
469 249 502 306 L.
526 246 674 306 ANNAEI
697 245 873 305 SENECAE

181 399 325 461 subducit
339 399 442 473 aliqua
457 405 487 456 et
501 395 697 456 circumcidit.
731 395 756 454 si
777 411 816 453 ne
837 395 876 454 ad
897 395 956 454 hoe
977 394 1102 472 quidem
1116 411 1165 454 re-

182 484 329 558 spondet,
354 481 505 542 interdicit
525 480 601 539 cibis
622 485 653 538 et
673 477 854 538 abstinentia
874 493 990 554 corpus
1007 488 1166 540 exonerat.

182 569 214 628 si
224 569 338 626 trustra
349 565 488 626 molliora
502 569 677 636 cesserunt,
693 562 762 623 ierit
776 577 885 621 venam
898 561 1122 637 membrisque,
1139 562 1167 623 si

182 651 379 711 adhaerentia
393 654 506 709 nocent
521 653 551 706 et
564 645 702 707 morbum
717 645 905 720 diffundunt,
926 661 1036 705 manus
1050 645 1167 706 adfert:

182 750 239 794 nec
254 734 316 793 ulla
331 735 407 794 dura
425 733 545 791 videtur
560 731 685 803 curatio,
703 730 791 790 cuius
804 729 948 792 salutaris
961 727 1090 790 effeetus
1106 738 1166 790 est.

153 818 225 878 'elta
239 819 339 892 legum
354 816 528 891 praesidem
543 815 736 888 civitatisque
746 819 897 874 rectorem
908 815 1005 887 decet,
1018 815 1168 890 quamdiu

182 909 300 976 potest,
325 899 429 959 verbis
451 905 482 958 et
501 897 549 958 his
565 897 754 958 molitoribus
775 898 897 972 ingenia
918 911 1040 971 curare,
1065 905 1099 956 ut
1121 898 1167 957 la·

183 985 291 1044 cienda
307 985 436 1044 suadeat
450 981 708 1056 cupiditatemque
727 981 849 1042 bonesti
870 989 901 1041 et
917 981 1008 1056 aequi
1023 981 1170 1041 conciliet

182 1069 290 1129 animis
306 1067 458 1142 iaciatque
473 1067 613 1126 vitiorum
628 1065 740 1138 odium,
754 1065 881 1140 pretium
893 1063 1046 1124 virtutum.
1067 1072 1165 1125 trans·

183 1159 233 1212 eat
246 1151 357 1211 deinde
372 1151 411 1210 ad
426 1149 587 1211 tristiorem
603 1149 786 1226 orationem,
805 1165 866 1224 qua
880 1157 1001 1208 moneat
1016 1149 1118 1208 adhuc
1137 1157 1171 1208 et

184 1236 358 1310 exprobret.
398 1231 567 1295 novissime
587 1233 626 1292 ad
648 1249 766 1308 poenas
787 1239 817 1292 et
835 1232 891 1291 has
914 1231 1014 1292 adhue
1034 1233 1120 1291 leves
1137 1239 1172 1292 et

183 1318 374 1380 revocabiles
390 1319 542 1378 decurrat.
583 1317 687 1376 ultima
702 1315 853 1391 supplicis
869 1316 1036 1376 sceleribus
1051 1315 1169 1374 ultimis

184 1411 292 1478 ponat,
315 1409 350 1462 ut
362 1418 451 1462 neme
467 1409 587 1476 pereat,
608 1401 667 1459 nisi
685 1415 774 1474 quem
789 1401 889 1474 perire
904 1400 997 1460 etiem·
1009 1400 1172 1473 pereuntis

156 1488 311 1551 lintersit.
332 1487 398 1546 Hoc
413 1501 476 1546 uno
490 1485 683 1544 medentibus
698 1482 755 1543 erit
769 1481 934 1557 dissimilis,
947 1483 1033 1560 quod·
1043 1482 1084 1542 illi
1097 1484 1167 1558 qui-

184 1572 242 1631 bus
256 1571 349 1630 vitam
364 1586 425 1630 non
442 1575 606 1643 potuerunt
620 1567 731 1642 largiri,
744 1567 862 1627 lacilem
874 1567 986 1627 exitum
1000 1573 1171 1642 praestant,

184 1654 233 1712 hic
255 1655 418 1712 damnatos
437 1668 505 1712 eum
527 1651 680 1730 dedecore
706 1658 737 1711 et
760 1651 952 1711 traductione
977 1653 1038 1712 vitu
1062 1651 1171 1726 exigit,

185 1736 334 1810 nonquia
348 1736 515 1796 delectetur
534 1735 624 1794 ullius
645 1750 762 1810 poena,
794 1736 901 1810 procul
921 1742 969 1795 est
989 1735 1101 1794 enime
1118 1751 1171 1794 sa-

186 1821 286 1895 piente
300 1827 361 1880 tam
375 1819 538 1880 inhumana
553 1817 667 1892 leritaS,
689 1819 744 1878 sed
757 1825 792 1878 ut
801 1820 1016 1880 documentum
1031 1817 1172 1879 omnium

185 1905 258 1975 sint,
275 1910 304 1962 et
323 1904 375 1979 qui
390 1907 459 1964 alib
473 1907 532 1964 vict
544 1903 706 1964 noluerunt
720 1901 888 1978 prodesse,
905 1911 1002 1962 morte
1016 1909 1097 1963 certe
1114 1917 1172 1962 eo·

183 2003 251 2047 rum
265 1988 440 2062 respublica
455 1994 564 2046 ulatur.
597 1987 664 2048 Non
678 1995 727 2047 est
740 2002 813 2062 ergo
828 1993 936 2046 natura
946 1985 1077 2048 hominis
1089 2002 1172 2060 poe·
1253 2011 1254 2032 r

185 2087 244 2130 nae
260 2070 424 2144 adpeteret
441 2071 513 2130 ideo
527 2087 566 2130 ne
580 2069 626 2130 ira
642 2071 765 2146 quidem
781 2072 951 2131 secundum
963 2079 1099 2131 naturam
1110 2070 1172 2130 ho-

158 2153 290 2226 5minis,
314 2155 385 2228 quia
400 2169 519 2228 poenae
535 2155 684 2228 adpetens
699 2163 755 2214 est
794 2155 832 2214 Et
850 2155 985 2215 Platonis
1005 2169 1171 2228 argumen-

185 2245 248 2296 tum
273 2237 422 2296 adferam:
452 2238 525 2312 quid
553 2237 634 2298 enirn
654 2245 746 2299 nocet
764 2239 870 2298 alienis
890 2240 934 2299 uti
949 2254 987 2298 ex
1003 2245 1089 2313 parte
1104 2255 1174 2312 qua

186 2327 291 2380 nostra
305 2327 397 2382 suntt
435 2323 488 2383 Vir
505 2323 605 2396 bonus,
619 2323 727 2398 inquit,
740 2338 799 2383 aon
812 2325 914 2384 laedat
950 2339 1048 2398 poena
1064 2323 1172 2383 laedit,

185 2407 258 2465 bono
274 2421 345 2480 erpo
361 2421 458 2480 poena
471 2421 530 2466 non
543 2411 685 2468 convenit.
721 2408 759 2467 ob
769 2407 825 2466 boo
838 2424 893 2466 aec
907 2409 971 2480 ira,
986 2411 1056 2482 quta
1064 2422 1174 2480 poena

184 2492 250 2549 irae
263 2493 403 2550 convenit.
447 2490 483 2550 St·
494 2493 541 2550 vir
554 2491 645 2552 bontra
655 2506 755 2566 poeno
766 2505 826 2550 non
837 2491 965 2565 cauda,
979 2507 1038 2552 nora
1050 2491 1155 2564 caude
1167 2525 1179 2549 -.

184 2575 225 2633 ta
237 2591 275 2634 ne
287 2590 321 2634 eo
336 2576 453 2649 quidem
470 2575 602 2648 adfectu,
618 2579 775 2650 culpam
792 2577 935 2648 voluptati
943 2582 1001 2634 eat:
1018 2591 1090 2648 erpo
1106 2591 1171 2634 non

183 2661 457 2718 estnamrallsiro.

157 2759 171 2812 1
246 2741 310 2800 Vll.
355 2741 557 2816 Numquid,
587 2741 760 2816 quamvis
789 2755 862 2801 non
891 2742 943 2801 sit
971 2741 1172 2802 naturalis

185 2825 1074 2901 ira,adsumendaest‚quiautilissaepeluitt
1102 2823 1171 2883 Ex-

184 2907 262 2967 tollit
280 2908 397 2969 animos
416 2915 446 2968 et
465 2909 576 2968 incitat.
619 2909 855 2985 necquicquam
872 2910 938 2970 sine
955 2911 1008 2968 illa
1027 2909 1168 2982 magnifi-

185 3008 253 3050 cum
267 2992 298 3050 in
312 2991 394 3052 bello
409 2993 554 3053 fortitudo
569 2993 662 3068 gerit,
684 2993 742 3052 nisi
757 2992 828 3052 hine
842 2991 965 3054 flamma
981 2993 1102 3054 subdite
1117 3001 1172 3053 est

185 3082 215 3134 et
228 3073 278 3134 hic
293 3075 434 3136 stimulus
449 3077 628 3152 peragitavit
646 3077 789 3150 misitque
810 3077 840 3136 in
861 3079 998 3152 pericula
1018 3076 1168 3136 audaces.

186 3157 336 3232 Optimum
352 3160 456 3234 itaque
471 3161 593 3235 quidam
610 3167 718 3236 putent
731 3167 904 3236 temperare
917 3163 1007 3233 iram,
1030 3176 1090 3219 non
1105 3161 1163 3220 tol-

183 3241 256 3316 lere,
272 3257 372 3318 eoque
388 3245 523 3304 detracto
540 3245 622 3319 quod
638 3245 782 3318 exundat,
800 3247 839 3305 ad
854 3248 1018 3306 salutarem
1038 3243 1167 3303 modum

185 3339 311 3401 cogere,
336 3327 368 3388 id
387 3343 462 3390 veno
481 3328 626 3402 retinere,
649 3329 716 3389 sine
732 3344 793 3405 quo
808 3330 963 3404 languebit
977 3327 1055 3390 actio
1071 3332 1102 3388 et
1115 3327 1169 3388 vis

156 3416 219 3468 aaa
233 3409 321 3486 vigor
335 3412 427 3472 animi
441 3415 622 3474 resolvetur.
653 3413 785 3472 Primum
801 3415 920 3475 lucilius
935 3421 982 3474 est
997 3410 1169 3474 excludere

184 3495 359 3567 perniciosa
375 3513 465 3573 quam
479 3512 602 3571 regere,
621 3505 650 3556 et
670 3514 731 3558 non
747 3497 905 3558 admittere
920 3513 1012 3573 quam
1028 3496 1168 3557 admissa
