2554 3888
197 239 260 304 160
331 270 333 274 v
383 239 417 298 L.
440 235 588 298 ANNAEI
608 235 784 300 SENECAE
805 239 907 301 hrot.
927 241 992 308 Vll.

194 405 376 452 amurcam:
405 388 499 448 nihilo
521 386 662 448 miserius
685 404 754 463 cro,
776 389 801 448 si
826 389 911 450 lassa
930 389 1034 448 cervix
1053 405 1123 450 mea
1144 390 1173 450 in

195 474 350 549 manipulo
365 473 447 532 foeni
467 473 660 547 adquiescet,
686 472 713 532 si
733 487 829 546 super
844 471 986 534 Circense
1006 480 1175 534 tomentum

195 573 251 634 per
266 564 401 618 sarturas
419 557 531 616 veteris
551 555 633 616 lintei
654 553 784 615 eilluens
805 555 966 616 incubabo.
999 556 1079 630 Quid
1098 573 1174 632 ergo

195 649 264 702 est?
278 642 368 710 malo,
393 640 467 716 quid
482 639 553 714 mihi
567 637 658 698 animi
673 636 720 712 sit,
740 639 903 700 ostendere
918 646 1127 714 praetextatus
1144 648 1176 700 et

160 731 494 800 3gausapatusqua1n
515 722 605 784 nudis
628 722 765 798 scapulis
787 729 839 784 ant
862 727 1028 784 semttectt's.
1059 721 1174 783 Omnes
1268 735 1269 792 j

196 809 268 868 mihi
283 824 322 868 ex
336 813 408 868 voto
437 807 503 866 dies
519 805 639 866 cedant.
668 821 769 876 novae
782 807 1000 880 gratulationes
1017 807 1174 882 prioribus
1268 841 1269 888 3

195 893 411 954 subtexantur:
433 906 495 950 non
516 889 555 949 ob
570 889 630 950 hoc
644 888 717 948 mihi
737 891 877 964 placebo.
903 889 988 951 Muta
1006 891 1036 949 in
1052 897 1174 952 contra·
1268 911 1269 926 ¹

193 977 271 1036 rium
286 975 366 1034 hanc
381 971 602 1048 indulgentiam
619 974 776 1049 temporis,
796 973 867 1034 hinc
884 973 965 1034 illinc
985 975 1175 1049 percutiatur

195 1058 313 1120 animus
327 1059 448 1132 damno,
464 1059 555 1132 luctu,
570 1056 796 1118 incursionibus
807 1057 910 1130 variis,
925 1057 1007 1118 nulla
1018 1057 1095 1116 hora
1106 1057 1175 1116 sine

195 1143 296 1217 aliqua
318 1143 443 1217 querela
463 1141 516 1202 sit:
544 1157 605 1201 non
626 1140 696 1202 ideo
717 1157 766 1200 me
788 1140 886 1203 dicam
906 1143 984 1202 iuter
1004 1141 1175 1200 miserrima

194 1225 349 1298 miserum,
367 1225 513 1296 nouaideo
529 1225 661 1300 aliquem
682 1225 870 1286 exsecrabor
893 1225 983 1286 diem.
1015 1223 1175 1298 provisum

195 1317 243 1370 est
257 1310 336 1369 enirn
350 1325 370 1368 a
383 1324 440 1383 me,
462 1324 501 1368 ne
516 1307 584 1383 quis
605 1306 677 1368 mihi
696 1315 761 1368 ater
780 1309 849 1370 dies
870 1317 962 1372 esset.
998 1307 1077 1381 Quid
1099 1323 1174 1382 ergo

195 1400 262 1454 estt
290 1395 371 1454 malo
393 1392 505 1468 gaudia
518 1399 697 1466 temperare,
714 1408 804 1466 quam
826 1392 951 1459 dolores
972 1406 1174 1466 conpescere.

159 1477 261 1542 4Hoc
282 1476 336 1538 tibi
357 1477 408 1538 ille
423 1475 567 1536 Socrates
586 1477 681 1536 dicet
709 1476 759 1535 fac
778 1491 826 1536 me
845 1475 993 1538 victorem
1013 1475 1173 1538 universa·

195 1577 262 1620 rum
281 1560 426 1634 gentium.
453 1557 601 1618 delicatus
622 1557 673 1618 ille
686 1557 786 1618 Liberi
807 1574 914 1621 currus
935 1558 1174 1634 triumphantem

194 1658 296 1718 usque
311 1643 350 1703 ad
364 1641 483 1703 Thebas
499 1643 608 1702 asciis
625 1648 693 1702 ortu
713 1641 843 1702 vehat·
832 1659 901 1709 rara
914 1658 1004 1717 reges
1016 1642 1172 1717 penatium

195 1733 312 1801 petant:
335 1740 384 1784 me
401 1725 554 1786 hominem
575 1741 647 1786 esse
668 1726 800 1788 maxime
821 1727 977 1800 cogitabo,
1001 1741 1069 1786 oum
1094 1726 1174 1784 deus

194 1809 331 1886 undique
353 1809 580 1870 consalutabor.
627 1809 705 1870 Huic
724 1817 784 1870 tarn
807 1807 928 1870 sublimi
955 1809 1076 1883 fastigio
1100 1824 1174 1868 con·

195 1894 287 1968 iunge
309 1893 447 1969 protinus
469 1893 666 1968 praecipitem
687 1891 891 1954 mutationem.
920 1893 952 1952 in
973 1893 1106 1953 alienum
1128 1893 1173 1950 in-

195 1992 294 2052 ponar
320 1974 478 2038 fericulum
507 1981 711 2038 exornaturas
737 1975 864 2037 victoris
894 1975 1020 2052 superbi
1048 1991 1086 2036 ac
1117 1975 1173 2034 leri

194 2076 356 2135 pompam:
378 2075 438 2118 non
459 2058 601 2118 humilior
622 2059 680 2121 sub
699 2060 799 2120 alieno
822 2075 914 2121 curru
933 2075 1007 2134 agar
1029 2075 1119 2134 quarn
1141 2058 1172 2117 in

194 2159 262 2202 meo
278 2148 430 2202 steteram.
461 2141 538 2214 Quid
553 2157 628 2217 ergo
645 2149 713 2203 est‘t
731 2143 853 2204 vlncere
866 2150 967 2204 tamen
990 2159 1082 2219 quarn
1103 2142 1173 2216 capi

159 2228 285 2286 amalo.
320 2225 427 2284 Totum
443 2226 583 2286 fortunae
596 2241 723 2301 reguum
739 2225 917 2302 despiciam,
939 2227 996 2288 sed
1011 2243 1050 2285 ex
1064 2225 1128 2298 illo,
1145 2225 1172 2284 si

195 2309 316 2368 dabitur
330 2307 447 2382 electio,
471 2308 596 2370 meliora
619 2326 745 2372 sumam.
777 2309 927 2386 Quicquid
947 2311 987 2370 ad
1007 2325 1056 2368 rne
1078 2325 1173 2368 vene-

194 2391 240 2467 rit,
255 2392 370 2454 bonurn
384 2392 445 2466 fiet,
465 2393 522 2452 sed
536 2394 616 2455 malo
634 2393 770 2456 faciliora
798 2410 834 2454 ac
849 2393 1030 2456 iucundiora
1049 2393 1174 2454 veniant
1268 2385 1269 2394 ’

195 2482 226 2536 et
239 2477 339 2536 minus
360 2483 508 2538 vexatura
524 2483 712 2548 tractantem.
741 2494 803 2538 non
824 2485 872 2538 est
891 2478 980 2550 enirn,
1002 2476 1088 2552 quod
1108 2475 1172 2536 exi-

194 2560 300 2622 stimes
315 2560 406 2620 ullam
421 2576 493 2620 esse
510 2561 577 2620 siue
595 2561 699 2622 labore
714 2561 863 2636 virtutem,
879 2561 935 2622 sed
948 2561 1098 2634 quaedam
1113 2560 1172 2620 vir-

159 2651 274 2706 otutes
297 2643 441 2718 stimulis,
469 2645 621 2719 quaedam
647 2645 742 2706 frenis
770 2651 869 2719 egent.
909 2643 1173 2719 Quemadmodum

195 2744 309 2802 corpus
324 2727 354 2788 in
369 2727 499 2803 proclivi
511 2729 642 2788 ‘retineri
658 2728 756 2800 dahel,
773 2728 924 2790 adversus
940 2728 1038 2788 ardua
1056 2725 1173 2802 inpelli,
1268 2749 1269 2782 t

194 2812 235 2870 ita
260 2811 410 2886 quaedam
430 2812 555 2871 virtutes
575 2811 605 2871 iu
626 2810 756 2886 proclivi
779 2819 864 2887 sunt,
889 2812 1040 2888 quaedam
1060 2810 1174 2870 clivum

195 2895 335 2956 subeunt.
364 2911 403 2954 an
418 2894 544 2962 dubium
561 2895 608 2970 sit,
631 2895 702 2970 quin
719 2896 875 2971 escendat,
887 2896 1014 2969 nitatur,
1036 2895 1173 2955 oblucte-

195 2989 243 3040 tur
257 2977 411 3053 patientia,
428 2979 583 3052 tortitudo,
598 2979 829 3054 perseverantia
840 2987 870 3038 et
885 2993 1098 3054 quaecumque
1113 2978 1174 3036 alia

159 3067 179 3124 t
194 3061 279 3122 duris
296 3062 441 3137 opposita
455 3062 550 3126 virtus
565 3069 613 3122 est
624 3070 655 3124 et
668 3063 817 3132 fortunam
834 3063 967 3138 subigat
981 3062 1059 3136 Quid
1074 3067 1173 3135 ergot

193 3151 255 3205 non
267 3159 366 3221 aeque
387 3145 580 3210 manifestum
595 3153 643 3209 cst
658 3161 712 3221 per
727 3146 879 3208 devexum
893 3146 938 3206 ire
951 3147 1173 3240 liberalitatem,

192 3229 371 3304 temperant
364 3246 437 3303 ram,
459 3229 744 3292 mansuetudinemt
770 3231 803 3290 ln
824 3230 872 3292 his
894 3231 1085 3290 continemus
1107 3228 1173 3288 aui·

193 3326 283 3386 mum,
309 3329 349 3374 ne
370 3313 561 3388 prolabatur,
587 3313 616 3372 in
637 3313 696 3373 illis
717 3313 913 3376 exhortamur
932 3313 1173 3388 incitamusquez

193 3396 356 3457 acerrimas
383 3413 456 3472 ergo
478 3396 649 3472 paupertati
669 3395 895 3472 adhibebimus,
920 3397 988 3457 illas
1011 3412 1091 3472 quae
1114 3411 1173 3469 pu-

189 3495 286 3554 gnare
307 3480 421 3554 sciunt,
443 3480 595 3542 fortiores.
630 3481 742 3542 divitiis
763 3480 831 3542 illas
852 3481 1068 3562 diligentiores,
1091 3494 1174 3556 quae
1268 3515 1269 3558 3
