2528 3906
197 238 259 304 124
384 239 418 298 L.
440 237 586 298 ANNAEl
609 236 783 296 SENECAE
805 235 906 295 DIAL.
928 236 980 294 Vl.

196 405 315 465 conpos
335 389 396 451 voti
411 389 509 448 laetus
525 394 621 447 esset:
646 393 799 462 precatum
814 387 893 445 enim
916 403 958 460 se,
981 393 1022 456 ut,
1046 387 1073 446 si
1095 387 1173 460 quid

178 539 181 546 ,
196 475 236 536 ob
251 475 402 546 ingentem
416 472 573 532 victoriam
587 471 719 530 invidiae
734 470 866 530 dandum
882 477 974 543 esset,
991 471 1021 529 id
1037 486 1095 531 suo
1112 487 1172 544 po·

162 559 253 620 ttius
270 571 360 631 quam
376 555 499 630 publico
515 555 626 614 damno
642 555 820 614 solveretur.
841 554 939 615 Vides
952 569 1043 628 quam
1055 569 1173 626 magno

194 642 296 702 animo
313 640 434 700 tulerit‘l
453 636 573 698 orbitati
588 653 664 697 suae
678 637 848 712 gratulatus
863 643 920 696 est.
948 645 979 696 et
999 652 1090 710 quem
1104 653 1170 696 ma-

193 724 241 799 gis
257 729 377 798 poterat
391 737 571 796 permovere
583 728 665 782 tanta
675 719 823 781 mutatio?
847 719 957 781 solatia
971 719 1060 780 simul
1074 727 1173 794 atque

193 807 307 868 auxilia
320 804 462 881 perdidit.
486 821 547 865 non
564 805 690 878 contigit
702 811 802 864 tamen
817 805 932 862 tristem
942 802 1068 863 Paulum
1081 802 1172 861 Persi

192 891 307 950 videre.

162 979 175 1028 l
253 973 333 1031 XIV.
355 971 431 1044 Quid
448 987 528 1030 nune
542 978 572 1030 te
588 987 642 1045 per
656 969 885 1030 innumerabilia
893 984 1070 1044 magnorum
1087 968 1172 1027 viro—

192 1072 258 1116 rum
274 1055 415 1128 exempla
429 1055 539 1114 ducam
555 1062 585 1114 et
596 1063 740 1128 quaeram
752 1053 891 1126 miseros,
908 1053 995 1126 quasi
1010 1069 1071 1112 non
1088 1051 1170 1111 dilli-

193 1139 280 1199 eilius
301 1139 341 1198 sit
360 1139 496 1196 invenire
517 1137 643 1197 lelieest
678 1144 772 1212 quota
792 1137 872 1196 enim
894 1152 1035 1212 quaeque
1057 1136 1173 1196 domus

192 1222 347 1297 usquead
362 1223 474 1282 exitum
494 1221 634 1281 omnibus
651 1221 787 1295 partibus
808 1221 873 1280 suis
888 1221 1030 1293 constitit,
1051 1219 1082 1278 in
1106 1236 1171 1293 qua

192 1323 253 1366 non
267 1305 383 1380 aliquid
397 1305 547 1364 turbatum
560 1303 620 1364 sitt
644 1321 737 1370 unum
749 1303 914 1378 quemlibet
925 1319 1038 1364 annum
1049 1318 1170 1378 oeeupa

115 1429 118 1436 -
193 1396 222 1448 et
236 1405 275 1448 ex
296 1404 333 1448 eo
355 1389 548 1462 magistratus
570 1388 642 1446 elta:
670 1387 796 1446 Lucium
817 1386 845 1446 si
865 1386 912 1447 vis
928 1387 1071 1448 Bibulum
1091 1394 1122 1446 et
1137 1387 1171 1446 C.

194 1473 363 1532 Caesarem·
398 1471 519 1530 videbis
538 1472 617 1530 inter
635 1473 769 1544 collegas
792 1469 1018 1532 inimicissimos
1039 1486 1169 1529 coneor-

162 1561 179 1612 2
195 1557 262 1614 dem
276 1557 442 1615 fortunam:
462 1555 494 1611 L.
507 1553 616 1626 Bibuli,
631 1555 765 1614 melioris
779 1571 869 1628 quam
881 1554 1014 1614 fortioris
1025 1553 1091 1624 viri,
1105 1555 1171 1612 duo

193 1639 282 1698 simul
294 1637 347 1695 filii
362 1637 510 1696 interlecti
526 1644 604 1708 sunt,
619 1638 774 1714 Aegyptio
797 1637 918 1711 quidem
931 1637 1014 1696 militi
1036 1636 1173 1696 ludibrio

192 1719 296 1792 habiti,
315 1726 350 1786 ,ut
363 1735 424 1778 non
439 1719 538 1777 minus
559 1719 628 1791 ipsa
650 1721 779 1780 orbitate
793 1727 900 1778 auetor
915 1721 980 1778 eius
1003 1720 1095 1791 digna
1114 1735 1171 1778 res

192 1801 325 1862 lacrimis
341 1809 431 1862 esset.
453 1800 580 1860 Bibulus
596 1809 704 1872 tamen,
728 1801 781 1876 qui
794 1809 856 1862 toto
871 1801 998 1861 honoris
1019 1801 1069 1860 sui
1087 1819 1172 1862 anno

194 1886 233 1946 ob
248 1885 390 1946 invidiam
407 1885 542 1958 collegae
555 1884 637 1944 dorni
651 1887 787 1959 latuerat,
803 1893 929 1959 postero
945 1885 995 1943 die
1007 1901 1099 1960 quam
1114 1902 1167 1958 ge-

193 1969 307 2028 minum
324 1971 415 2028 sunus
430 1968 632 2028 renuntiatum
648 1977 703 2041 est,
719 1969 873 2042 prooessit
888 1969 927 2028 ad
942 1967 1033 2029 solita
1048 1969 1169 2042 imperii

194 2053 304 2111 officia.
335 2051 412 2124 Quid
427 2052 526 2110 minus
541 2059 643 2125 potest
654 2067 744 2126 quam
757 2067 850 2111 unum
865 2051 945 2110 diem
960 2049 1082 2112 duobus
1096 2051 1172 2110 liliis

194 2136 288 2193 darer
308 2141 367 2193 tam
384 2135 443 2194 olto
464 2134 626 2193 liberorum
646 2135 759 2194 luotum
774 2135 878 2206 finivit,
901 2134 953 2208 qui
975 2135 1168 2194 consulatum

163 2225 180 2278 3
196 2233 276 2276 anno
291 2218 418 2276 luxerat.
450 2215 611 2276 cscaesar
633 2233 702 2278 cum
715 2217 900 2278 Britanniam
916 2224 1095 2292 peragraret
1110 2233 1168 2276 nee

194 2315 309 2360 oceano
321 2300 475 2360 continere
486 2300 655 2360 felicitatem
668 2317 755 2360 suam
765 2307 880 2376 posset,
892 2301 985 2360 audiit
992 2301 1172 2360 decessisse

193 2382 285 2442 tiliam
309 2383 429 2458 publiea
450 2399 554 2443 seeum
577 2385 638 2444 lato
659 2384 828 2444 dueentem.
853 2385 885 2443 in
906 2385 1004 2444 oeulis
1026 2393 1092 2443 erat
1109 2385 1169 2442 iarn

194 2467 246 2526 Cn.
262 2466 424 2542 Pompeius
440 2482 613 2542 nonaeque
628 2469 746 2528 laturus
760 2467 861 2528 animo
874 2483 1058 2542 quemquam
1075 2467 1169 2528 alium
1241 2514 1248 2524 .

193 2566 264 2610 esse
279 2550 309 2608 in
324 2549 481 2626 republica
500 2557 642 2624 magnum
663 2559 693 2611 et
713 2551 840 2610 modum·
859 2550 1048 2625 impositurus
1070 2551 1168 2610 inore-

192 2632 310 2707 mentis‚
327 2649 406 2708 quae
420 2635 524 2708 gravia
537 2633 579 2695 illi
591 2635 769 2694 videbantur
780 2636 869 2693 etiam
881 2651 949 2694 eum
964 2635 994 2693 in
1007 2648 1171 2694 commune

193 2725 381 2777 arescerent:
410 2725 509 2778 tamen
530 2718 608 2778 intra
633 2719 749 2778 tertium
772 2717 851 2776 diem
877 2717 1073 2792 imperatoria
1094 2717 1171 2777 obiit

192 2799 295 2858 munia
311 2807 340 2859 et
357 2808 417 2859 tam
433 2799 493 2860 eito
508 2801 644 2860 dolorem
658 2800 731 2860 vioit
746 2817 836 2874 quam
852 2801 953 2862 omnia
967 2801 1095 2862 solebat.

162 2889 176 2940 1
253 2883 318 2940 XV.
334 2882 411 2955 Quid
422 2883 550 2942 aliorum
561 2884 614 2943 tibi
630 2884 736 2942 lunera
748 2883 910 2944 Caesarum
921 2885 1073 2944 referam?
1088 2899 1171 2958 quos

192 2963 226 3023 in
238 2963 297 3048 hoto
312 2965 383 3024 mihi
399 2965 518 3026 videtur
532 2967 650 3026 interim
662 2967 775 3026 violare
791 2968 919 3042 fortuna,
934 2977 967 3029 ut
981 2969 1026 3028 sie
1042 2982 1170 3041 quoque

193 3047 297 3121 generi
319 3047 452 3108 humano
467 3050 585 3122 prosint
604 3050 801 3110 ostendentes
822 3067 861 3110 ne
881 3046 935 3111 eo's
959 3051 1092 3126 quidem,
1115 3049 1169 3124 qui

192 3297 430 3369 gustusamissis
438 3297 551 3372 liberis,
563 3297 735 3373 nepotibus,
748 3300 899 3362 exhausta
908 3301 1071 3362 Caesarum
1079 3300 1169 3358 turba

194 3129 241 3188 dis
256 3131 348 3204 geniti
363 3132 501 3206 deosque
520 3133 648 3206 genituri
670 3133 816 3207 dieantur,
838 3134 883 3193 sio
908 3151 995 3194 suam
1015 3135 1169 3200 fortunam
1257 3121 1258 3210 f

161 3213 220 3272 tin
237 3221 388 3286 potestate
408 3215 520 3274 habere
540 3217 798 3290 quemadmodum
819 3219 957 3277 alienam.
992 3216 1088 3278 Divus
1104 3217 1169 3274 An·
1257 3259 1258 3284 p

192 3379 357 3456 adoptione
369 3380 521 3442 desertam
532 3381 655 3440 domurn
670 3383 762 3442 fulsit.
785 3383 851 3444 tulit
861 3391 961 3444 tamen
974 3383 1090 3444 fortiter
1101 3389 1170 3442 tan·
1257 3389 1258 3464 l

126 3460 128 3463 ’
193 3480 284 3534 quam
298 3465 386 3522 auius
401 3464 460 3522 iarn
475 3479 526 3522 res
541 3463 687 3536 agebatur
707 3465 855 3539 cuiusque
875 3466 1006 3526 maxime
1024 3466 1169 3524 intererat
