2546 3890
126 222 1002 321 nnucrvmnnarnrmnnconscendore.rae.
1017 256 1080 321 rsa

106 411 282 472 Ducebatur
296 407 425 469 Athenis
441 408 481 467 ad
496 407 679 482 supplicium
689 409 856 482 Aristides,
879 410 927 469 cui
940 409 1108 485 quisquis?

103 499 298 566 occurrerat,
322 491 472 552 deiciebat
491 493 598 552 oculos
618 499 649 551 et
671 493 903 566 ingemiscebat,
925 509 986 554 non
1005 501 1078 553 tam-

104 594 200 654 quam
216 577 246 636 in
261 575 415 636 hominem
429 575 542 656 iustum
556 576 773 649 sedtanquam
785 575 925 650 in'ipsam
936 577 1078 637 iustitiam

103 661 410 722 ,animadverteretur
436 659 577 720 inventus
591 667 639 720 est
655 667 769 734 molen,
787 661 880 735 quiin
894 661 1078 722 l'aciemeius

4 815 6 826 ,
104 747 281 820 inspuere:
310 749 430 818 poterat
448 739 512 822 [cb]
529 743 589 803 boc
603 743 731 803 moleste
747 746 841 818 terre,
864 745 946 818 quod
962 745 1080 805 sciebat

4 835 6 866 ¹
106 827 305 888 neminemid
320 839 466 887 ausurum
479 826 548 902 puri
563 826 636 886 oris.
664 827 758 888 atille
773 827 916 886 abstersit
930 828 1038 888 taciem
1049 827 1080 888 et

102 913 272 973 subridens
285 911 326 971 oit
337 911 490 970 comitanti
502 919 537 970 se
548 909 750 984 magistratui:
764 911 1026 984 „admoneistum
1040 927 1079 971 ne

105 1002 220 1073 postea
235 1003 295 1055 tam
313 995 443 1070 inprobe
461 993 600 1055 oscitel.“
634 994 701 1053 lloc
718 995 773 1054 luit
791 993 1002 1054 contumeliam
1019 994 1079 1070 ipsi

103 1077 310 1141 contumeliae
322 1074 440 1137 iacere,
459 1077 549 1138 Scio
565 1077 896 1152 quosdamdicere
911 1077 1108 1149 contem-3

104 1172 176 1240 plu
190 1161 286 1222 nibil
301 1171 391 1222 esse
405 1161 806 1236 graviusmo'rtemipsis
814 1163 963 1236 potiorem
972 1161 1078 1221 videri.

105 1247 163 1307 ilis
180 1260 239 1322 ego
256 1244 453 1320 respondebo
472 1251 501 1304 et
515 1245 639 1304 exilium
653 1259 747 1320 saepe
759 1246 985 1320 contemptione
996 1243 1079 1306 omni

106 1345 224 1391 carere.
258 1329 428 1403 &magnus
440 1325 487 1388 vir
501 1327 624 1402 cecidit,
639 1341 768 1402 magnus
783 1329 888 1401 iacuit,
905 1345 966 1390 non
981 1328 1078 1404 magis

102 1415 191 1474 illum
206 1419 295 1488 pules
311 1411 472 1486 contemni,
489 1427 580 1488 quam
596 1426 665 1472 cum
675 1413 795 1472 aedium
807 1428 962 1472 sacrarum
973 1412 1079 1472 ruinae

101 1497 279 1570 calcantur,
304 1511 381 1570 quas
398 1493 533 1570 religiosi
547 1510 646 1570 aeque
657 1511 697 1554 ac
713 1497 820 1556 stands
836 1497 973 1556 aderant.

170 1581 250 1640 XIV.
288 1579 473 1652 Quoniam
506 1593 586 1645 meo
622 1581 774 1640 nomine
809 1578 905 1640 nihil
940 1579 1108 1656 habes,1

102 1671 227 1724 mater
254 1663 475 1737 carissima,
506 1664 609 1740 quod
637 1669 674 1723 te
699 1664 734 1722 in
763 1663 940 1723 inlicitas
963 1665 1078 1724 lacri-

102 1761 185 1807 mas
213 1753 316 1821 agat,
346 1747 525 1822 sequitur
543 1753 590 1806 ut
618 1763 761 1808 causae
784 1757 870 1808 tuae
890 1756 925 1808 te
947 1747 1079 1809 stimu-

102 1833 196 1892 lent.
219 1838 309 1890 sunt
326 1833 450 1892 autem
466 1829 578 1891 duae:
601 1846 682 1890 nam
698 1831 1077 1905 autilludtemovet,

4 1935 5 1942 ¹
105 1915 211 1990 quod
241 1915 482 1988 praesidium
511 1912 674 1991 aliquod
700 1913 850 1975 videris
880 1915 1078 1990 amisisse,

101 2007 171 2058 aut
191 1999 304 2072 illud,
327 2000 429 2074 quod
449 1997 687 2064 desiderium
708 2000 832 2075 ipsum
855 1991 922 2074 p'er
937 2015 977 2060 se
997 2001 1079 2075 pati

107 2089 330 2158 conpotes.

169 2165 279 2224 Prior
299 2179 390 2240 pars
413 2165 502 2224 mihi
524 2166 666 2226 leviter
686 2167 1108 2244 per‘stringendeestzp

104 2249 180 2307 novi
195 2247 275 2308 enim
287 2249 420 2308 animum
434 2255 518 2308 tuum
531 2249 650 2312 nihilin
665 2250 730 2310 suis
746 2259 867 2326 praeter
877 2255 963 2328 ipsos
975 2271 1078 2314 aman·

102 2339 177 2391 tem.
213 2331 353 2392 Viderint
377 2331 446 2392 illae
468 2341 596 2406 malreS,
626 2348 705 2409 quae
727 2337 893 2410 potentiam
915 2337 1079 2398 liberorum

104 2415 247 2474 muliebri
261 2413 430 2489 inpotentia
441 2425 601 2492 exercent,
616 2429 711 2493 quae,
728 2420 800 2492 quia
813 2421 932 2480 leminis
944 2422 1078 2482 honores

104 2514 169 2558 non
192 2498 262 2558 lieet
281 2513 403 2572 gerere,
427 2499 572 2575 peritios
593 2500 772 2562 ambitiosae
786 2511 870 2578 sunt,
893 2519 973 2578 quae
988 2505 1078 2579 patri-

105 2579 211 2642 monia
228 2581 360 2642 filiorum
380 2590 410 2644 et
432 2581 613 2644 exhauriunt
634 2589 664 2645 et
684 2581 820 2659 captant,
839 2603 919 2660 quac
934 2588 1081 2664 eloquen
1189 2597 1194 2605 ’

105 2665 179 2726 tiam
201 2665 424 2728 commodando
447 2666 515 2729 aliis
534 2667 679 2742 fatigant:
713 2675 745 2728 tu
770 2667 933 2746 liberorum
958 2679 1108 2747 tuorum3
1168 2693 1169 2696 ¹

105 2749 198 2810 bonis
220 2747 382 2824 plurimum
397 2751 506 2826 gavise
527 2744 577 2824 es,
598 2747 752 2812 minimum
766 2767 833 2812 usa.
862 2759 895 2812 tu
909 2753 1079 2815 liberalitati

106 2839 234 2894 nostrae
261 2833 385 2908 semper
409 2832 572 2910 inposuisti
592 2836 737 2908 modum,
765 2851 834 2896 cum
856 2841 927 2896 tuae
947 2853 1007 2898 non
1034 2837 1078 2896 in-

105 2931 253 2990 poneres.
294 2921 327 2975 tu
353 2915 416 2976 lilia
437 2917 568 2977 familiae
587 2913 792 2996 loeupletibus
813 2920 883 2980 liliis
905 2921 984 2980 ultro
1006 2935 1078 2980 con-

105 2997 210 3059 tulisti.
229 3007 266 3058 tu
277 2995 458 3074 patrimonia
467 3007 574 3062 nostru
584 3003 629 3062 sic
640 3001 867 3077 administrasti,
882 3011 915 3064 ut
924 3011 1080 3080 tamquam

4 3069 8 3124 f
104 3081 137 3142 iu
150 3079 211 3142 tuis
222 3081 400 3170 ‘laboreres
422 3091 575 3166 lacuquam
590 3077 697 3166 alienis
712 3087 892 3147 abstineres.
918 3095 951 3147 tu
965 3089 1080 3163 gratiae

57 3181 59 3188 ’
106 3171 250 3240 nostrae,
268 3173 423 3242 umquam
443 3169 511 3229 aliis
530 3169 624 3230 rebus
644 3167 787 3245 utereris,
810 3171 975 3246 pepercisti
995 3179 1079 3234 etex

105 3247 276 3310 bonoribus
293 3251 408 3313 nostris
424 3249 497 3312 nihil
512 3247 551 3313 e³d
563 3261 593 3314 te
604 3255 662 3314 nisi
675 3249 818 3329 voluptas
829 3255 999 3330 etlnpensa
1010 3273 1079 3332 per-

106 3331 210 3394 tinuit=
230 3341 398 3411 numquam
412 3337 597 3416 indulgentia
611 3336 652 3396 ad
665 3336 823 3398 utilitatem
838 3335 986 3414 respexit.
1011 3341 1079 3400 Non

105 3423 196 3492 potes
207 3417 356 3494 itaqueea
367 3421 510 3496 inereplo
518 3419 580 3481 lilio
589 3419 774 3497 desiderare,
787 3423 867 3498 quae
874 3426 928 3496 [tn]
936 3423 1079 3484 incolumi

104 3517 272 3578 numquam
288 3503 327 3562 ad
340 3510 373 3564 te
385 3505 538 3579 pertinere
556 3503 679 3566 duxisti.
