2554 3888
313 225 364 285 DE
378 225 599 284 Bnnvttnrn
614 225 742 286 vitan.
766 235 846 288 10-
856 237 897 290 m.
1031 228 1093 296 207

117 391 227 451 geras,
250 373 277 434 si
298 390 360 434 non
376 370 498 446 subest,
521 375 605 449 qnod
619 375 752 448 excipiat
766 391 802 435 ao
818 385 933 452 servet,
959 381 1004 440 sie
1016 381 1092 442 nihil

117 461 213 518 refert
228 465 372 532 quantum
386 457 533 532 temporis
548 458 651 531 datm,
674 459 701 518 si
717 474 777 518 non
793 468 855 532 est,
870 461 922 521 ubi
937 463 1091 524 subsidam

119 559 176 620 per
197 557 332 618 quassos
352 543 531 616 foratosque
552 542 671 602 animos
688 543 906 604 transmittitur.
941 545 1120 616 Praesensd

117 636 241 701 tempus
265 625 480 686 breuissimum
501 632 563 698 est,
589 625 668 686 adeo
691 625 829 702 quidem,
858 636 890 688 ut
909 630 1092 704 quibusdam
1133 660 1136 664 ·
1196 631 1200 640 '

117 711 235 770 nulfum
249 710 397 770 videatur.
417 709 449 768 in
463 724 557 788 eursu
570 709 650 768 enim
665 725 788 784 semper
802 718 863 785 est,
885 711 952 772 fluit
963 721 992 772 et
1003 729 1091 788 prae-

4 819 9 836 f
118 794 269 868 cipitatur.
292 799 361 852 ante
376 791 489 854 desinit
499 808 570 852 esse
583 809 674 867 quam
685 793 781 867 venit,
798 810 855 854 nee
867 796 964 870 magis
976 812 1092 858 moram

117 877 234 952 patitur
248 893 339 951 qnam
352 877 484 936 mundus
497 884 548 936 aut
559 877 676 950 sidera,
692 894 821 953 quorum
832 879 1003 954 inrequieta
1013 896 1092 941 sem·

117 977 174 1035 per
187 959 310 1035 agitatio
327 975 491 1035 numquam
505 961 536 1020 in
553 961 662 1020 eodem
677 961 807 1036 vestigio
820 970 931 1024 manet.
961 963 1092 1024 Solum

117 1043 210 1118 igitur
230 1045 276 1103 ad
299 1051 516 1118 occupatos
530 1059 723 1119 praesens
739 1047 1091 1122 pertinettempus,

119 1129 204 1203 qnod
226 1135 289 1188 tam
308 1129 402 1188 breve
422 1136 484 1200 est,
507 1135 541 1188 nt
560 1127 660 1202 adripi
679 1145 740 1188 non
763 1131 878 1204 possit,
899 1138 929 1191 et
943 1131 976 1190 id
990 1131 1092 1206 ipsum

117 1212 177 1271 iltis
195 1211 340 1272 districtis
355 1211 386 1270 in
401 1212 495 1274 multa
510 1211 700 1272 subducitur.
830 1212 833 1217 '
1166 1210 1172 1220 '

182 1297 233 1354 XI.
266 1296 405 1370 Denique
423 1297 471 1356 vis
492 1295 572 1354 seire
594 1312 685 1370 quam
706 1311 767 1357 non
787 1297 838 1356 diu
854 1298 977 1358 vivant?
1005 1299 1118 1366 vider

119 1395 227 1454 quam
249 1380 410 1454 cupiant
430 1379 495 1439 diu
518 1379 660 1438 vivere.
696 1379 850 1456 Decrepiti
865 1397 956 1440 senes
976 1397 1090 1456 panco-

117 1479 344 1523 romannorum
356 1462 566 1523 accessionem
578 1461 657 1522 rotis
669 1463 850 1524 mendieant.
874 1466 1008 1525 minores
1018 1471 1092 1526 natu

118 1549 207 1622 ipsos
228 1563 299 1608 esse
321 1547 445 1620 fingunt.
479 1547 639 1606 mendacio
660 1547 720 1608 sibi
732 1547 927 1608 blandiuntur
939 1555 970 1608 et
983 1555 1043 1608 tam
1058 1549 1090 1608 ti-

118 1633 226 1690 benter
249 1647 284 1690 se
304 1631 410 1691 fatiunt
422 1625 521 1705 'quam
544 1631 570 1690 si
592 1647 652 1690 una
667 1632 728 1691 fata
743 1631 905 1707 decipiant.
939 1633 1002 1692 lam
1017 1648 1090 1694 vero

119 1730 187 1774 eum
203 1715 273 1775 ilios
288 1715 390 1788 aliqua
404 1713 584 1774 inbeoiftitaa
596 1714 784 1778 mortaiitatis
797 1716 967 1788 admonuit,
987 1733 1090 1790 quem·

118 1799 284 1858 admodum
305 1805 453 1873 paventes
474 1799 654 1872 moriuntur,
681 1815 741 1859 non
757 1806 912 1874 tamquam
927 1805 1037 1860 exeant
1052 1800 1092 1860 de

117 1883 194 1954 vita,
216 1883 273 1942 sed
289 1889 443 1957 tamquam
458 1881 664 1942 extrahantur.
686 1885 796 1942 stultos
810 1884 966 1956 sefmsse,
985 1891 1090 1942 utnon

119 1967 265 2040 vixerint,
288 1965 442 2026 clamitant
462 1972 507 2038 et,
527 1965 665 2027 simodo
689 1967 843 2026 evaserint
862 1982 902 2026 ex
917 1967 967 2025 iffa
985 1966 1092 2026 valitu-

119 2050 207 2124 dine,
221 2050 252 2108 in
267 2050 329 2112 otio
342 2050 487 2110 victuros.
506 2057 580 2110 tune
591 2067 683 2125 quam
694 2051 807 2110 frustra
819 2051 1006 2125 paraverint,
1025 2050 1091 2124 qui-

117 2133 176 2194 bus
197 2150 259 2194 non
279 2136 464 2206 fruerentur,
486 2149 577 2208 quam
591 2134 621 2193 in
637 2150 759 2208 cassum
774 2133 873 2194 omnis
889 2133 1036 2194 ceciderit
1048 2135 1090 2192 le·
1194 2159 1203 2164 ’

117 2217 190 2290 bor,
220 2219 362 2292 cogitant.
401 2219 442 2278 At
464 2217 575 2292 quibus
599 2219 659 2278 vita
680 2217 846 2293 proculab
868 2219 950 2278 omni
969 2217 1119 2290 negotioa

118 2302 232 2376 agitur,
255 2302 359 2377 quidni
380 2301 518 2376 spatiosa
536 2301 596 2361 sitt
618 2301 690 2362 nihil
706 2303 812 2362 exitia
828 2302 1000 2376 detegatur,
1019 2301 1092 2360 nihil

118 2386 179 2445 alio
195 2394 287 2461 atque
302 2387 361 2446 atio
378 2385 545 2461 spargitur,
565 2384 638 2444 nihil
652 2386 723 2445 inde
738 2387 877 2446 fortunae
890 2385 1032 2458 traditur,
1048 2385 1091 2443 ni·

117 2469 160 2528 hit
181 2471 374 2544 neglegentia
393 2469 508 2542 interit,
537 2468 611 2528 nihii
631 2469 791 2543 largitione
811 2467 996 2541 detrahitur,
1018 2468 1091 2527 nihil

119 2569 345 2630 supervacuum
361 2559 423 2613 esta
445 2560 524 2626 tota,
538 2561 572 2614 nt
582 2551 623 2612 ita
635 2553 749 2626 diuam,
764 2553 793 2611 in
806 2552 905 2612 reditu
917 2557 973 2611 est.
996 2567 1091 2626 quan-

120 2638 316 2712 tulacumque
338 2639 442 2712 itaque
461 2637 584 2696 abunde
607 2635 721 2696 suffieit
740 2643 770 2696 et
788 2635 875 2709 ideo,
905 2634 1091 2710 quandoque

118 2721 242 2781 ultimus
257 2721 324 2781 dies
339 2719 469 2795 venerit,
493 2736 555 2782 non
567 2720 755 2780 cunctabitur
767 2719 892 2794 sapiens
905 2719 949 2778 ire
962 2719 1000 2778 ad
1011 2733 1090 2776 mor-

118 2813 179 2865 tem
195 2811 279 2865 certo
292 2805 400 2879 gradu.
523 2851 533 2868 .

180 2889 244 2948 XII.
274 2888 438 2962 Quaeris
458 2889 648 2961 fortasse,
672 2903 770 2963 quos
790 2892 1004 2961 occupatos
1026 2901 1089 2946 vo·
1104 2907 1118 2960 ι

119 2979 225 3032 oemt
255 2989 317 3032 non
339 2973 486 3048 estquod
501 2987 550 3031 me
567 2975 652 3033 solos
667 2980 757 3046 putes
772 2972 892 3043 dicere,
913 2985 992 3044 quos
1008 2969 1091 3029 aba·

118 3055 207 3116 silica
220 3057 338 3118 inmissi
353 3057 474 3116 demum
490 3055 721 3130 emesenorum,
737 3071 816 3130 qnos
829 3051 922 3114 autin
934 3053 1090 3114 suavides

117 3139 208 3200 turba
222 3138 396 3216 speciosius
411 3139 483 3200 elidi
498 3146 550 3200 ant
564 3140 593 3198 in
606 3139 706 3200 aliena
717 3138 936 3212 contemptius,
953 3152 1032 3212 qnos
1045 3137 1090 3196 of·

118 3223 188 3282 ficia
211 3223 353 3285 domibus
378 3225 443 3286 suis
466 3229 610 3295 evocant,
637 3231 671 3284 nt
691 3222 798 3282 alienis
820 3221 936 3282 foribus
955 3221 1090 3293 infidant,

118 3313 213 3382 [quos]
235 3309 325 3369 hasta
339 3309 491 3384 praetoris
506 3307 608 3367 infami
623 3307 707 3366 luero
723 3313 753 3366 et
770 3305 957 3380 quandoque
974 3320 1090 3379 suppu-

117 3398 221 3453 raturo
248 3398 391 3456 exercet..
428 3391 681 3465 Quorumdam
714 3391 830 3450 otiam
862 3394 1118 3463 oeottpatumq

118 3483 196 3537 est=
220 3476 251 3536 in
268 3475 339 3536 vitta
352 3483 404 3537 aut
417 3477 448 3535 in
459 3477 539 3536 lecto
550 3490 623 3550 suo,
639 3475 669 3534 in
681 3474 783 3534 media
793 3473 970 3546 solitudine,
987 3483 1087 3545 quam·

177 3751 185 3786 f
