2528 3906
253 205 356 265 nint.
377 205 416 263 V.
447 204 499 264 DE
516 205 586 266 lna
606 205 678 265 LlB.
699 207 749 266 ΙΙΙ.
770 157 890 271 bss—bl.
998 207 1061 274 tob

75 373 142 418 non
167 356 325 436 possitau
347 355 436 414 nolit:
462 355 574 415 multos
590 354 801 430 absolvemus,
823 357 851 416 si
866 357 1060 434 coeperimus

75 446 152 499 ante
168 439 305 499 iudicare
326 452 417 513 quam
430 437 543 516 irasci„
561 437 648 499 Nunc
666 447 766 500 autem
782 439 909 514 primum
924 441 1059 517 inpetum

8 547 10 606 ς
76 523 251 598 sequimur.
277 520 390 582 deinde
411 519 552 597 quamvis
566 537 645 581 vana
660 538 717 582 nos
734 521 966 597 concitaverint,
988 541 1060 604 pcr-

59 622 278 678 .severamus,
304 622 343 688 ne
362 604 522 666 videamur
542 605 686 680 coepisse
706 605 774 666 sine
794 622 898 668 causa.
930 617 961 670 et
976 611 1061 684 quod

77 690 296 764 inquissimam
318 696 379 762 est,
404 687 625 764 pertinaciores
652 706 710 750 nos
735 688 806 748 lacit
824 689 968 768 iniquitas
985 693 1059 753 irae.

77 775 249 835 retinemus
265 772 345 834 enim
365 773 446 832 illam
463 779 493 832 et
509 787 672 847 augemus,
694 773 782 848 quasi
796 784 1005 848 argumentum
1021 777 1061 838 sit

77 859 161 918 iuste
175 857 337 917 irascentis
353 856 485 930 graviter
499 856 599 916 irasci.

141 940 235 1000 XXX.
259 939 376 1014 Quanto
391 940 500 1000 melius
520 946 574 1006 est¹
587 939 670 1000 initia
686 941 756 1014 ipsa
776 942 953 1016 perspicere
968 959 1089 1018 quam1

76 1025 161 1084 levia
182 1025 259 1094 sint,
282 1039 372 1099 quam
390 1023 538 1088 innoxia?
566 1021 652 1096 Quod
670 1022 810 1084 accidere
824 1025 912 1086 vides
927 1025 980 1104 [in]
996 1029 1059 1086 ani·

76 1107 213 1168 malibus
228 1108 328 1178 mutis,
343 1106 424 1166 idem
438 1107 469 1166 in
484 1106 607 1166 lromine
618 1106 851 1189 deprehendes:
867 1108 983 1170 frivolis
997 1117 1060 1170 tur·

76 1192 190 1251 bamur
205 1199 235 1252 et
250 1189 403 1250 inanibus.
432 1198 551 1250 taurum
566 1191 651 1250 color
664 1191 854 1252 rubicundus
870 1191 998 1268 excitat,
1019 1196 1060 1255 ad

76 1275 220 1334 umbram
235 1275 321 1350 aspis
336 1274 487 1350 exsurgit,
502 1289 594 1334 ursos
610 1275 778 1348 leonesque
794 1292 907 1352 mappa
921 1276 1059 1351 proritat.

76 1358 183 1418 omnia
200 1374 281 1432 quae
295 1364 403 1418 natura
417 1359 482 1418 tera
496 1371 532 1416 cc
546 1357 656 1417 rabida
669 1364 753 1430 sunt,
771 1366 1005 1422 consternantur
1019 1362 1059 1422 ad

77 1457 170 1500 vana.
199 1441 284 1502 ldem
307 1439 449 1516 inquietis
471 1449 501 1501 et
521 1441 641 1502 stolidis
663 1441 793 1516 ingeniis
817 1445 927 1503 evenit.
957 1451 1089 1503 remma

76 1526 262 1600 suspicione
277 1525 441 1596 feriuntur,
464 1525 542 1586 adeo
558 1525 695 1600 quidem,
716 1533 750 1584 ut
768 1526 918 1586 interdum
933 1527 1058 1587 iniurias

77 1616 195 1668 vocent
207 1609 330 1668 modica
343 1607 509 1681 beneficia,
526 1608 556 1668 in
573 1609 682 1684 quibus
698 1608 960 1684 frequentissima,
977 1619 1060 1671 certe

77 1691 282 1752 acerbissima
295 1691 471 1752 iracundiae
484 1693 610 1754 materia
624 1701 680 1752 est.
709 1692 877 1753 carissimis
899 1693 979 1752 enim
1001 1695 1059 1754 ira·

79 1775 206 1849 scimur,
223 1775 308 1850 quod
322 1775 440 1836 minora
454 1775 544 1836 nobis
556 1776 761 1851 praestiterint
773 1793 862 1852 quarn
875 1784 976 1838 mente
988 1793 1061 1838 con·

77 1857 222 1934 cepimus
238 1875 392 1934 quamque
407 1857 457 1919 alii
477 1858 614 1918 tulerint:
635 1875 706 1919 cum
725 1860 885 1934 utriusque
905 1861 951 1920 rei
972 1878 1060 1936 para·

78 1949 143 2002 tum
161 1939 331 2002 remedium
346 1943 393 2003 sit.
426 1941 524 2016 Magis
539 1941 626 2002 alteri
640 1943 778 2004 indulsit:
799 1949 904 2004 nostra
919 1960 976 2005 nos
992 1946 1089 2009 sinet

76 2022 477 2100 conparatione'delectent.
497 2042 662 2101 numquam
678 2027 734 2086 erit
747 2027 822 2088 felix
833 2043 924 2103 quem
935 2036 1060 2104 torque-

78 2109 125 2168 bit
145 2109 274 2169 lelicior.
309 2110 409 2170 miurus
431 2109 530 2170 habeo
553 2127 644 2185 quam
673 2111 813 2186 speravi:
847 2113 905 2172 sed
928 2113 1061 2174 tortasse

79 2193 152 2268 plus
174 2192 300 2266 speravi
322 2209 413 2268 quam
430 2191 531 2252 debui.
559 2193 643 2253 llaec
659 2211 731 2269 pars
753 2196 883 2255 maxime
897 2196 1062 2258 metuenda

77 2284 139 2336 est.
168 2273 242 2335 hinc
257 2275 538 2351 perniciosissimae
559 2275 625 2336 irae
640 2286 807 2340 nascuntur
822 2287 852 2339 et
867 2281 1062 2342 sanctissima
1088 2329 1092 2338 .

81 2374 228 2434 quaeque
248 2360 420 2420 invasurae.
454 2360 563 2420 Ilivum
582 2360 694 2422 Julium
721 2364 825 2438 plures
845 2362 934 2424 amici
958 2365 1094 2425 conte-t

78 2450 190 2502 cerunt
205 2459 296 2517 quam
311 2443 438 2515 inimici,
462 2459 591 2518 quorum
613 2461 674 2504 non
690 2446 868 2520 expleverat
884 2462 958 2522 spes
974 2448 1059 2508 inex-

81 2525 222 2599 plebiles.
244 2527 339 2588 voluit
354 2526 477 2602 quidem
490 2529 549 2602 ille,
564 2543 664 2602 neque
679 2527 760 2588 enim
775 2528 937 2604 quisquam
951 2531 1060 2608 libera-

79 2608 142 2668 lius
163 2609 293 2669 victoria
314 2627 391 2670 usus
415 2619 477 2680 est,
500 2627 538 2670 ex
560 2627 620 2686 qua
641 2611 714 2670 nihil
735 2612 792 2672 sibi
815 2613 982 2672 vindicavit
1001 2612 1062 2674 nisi

78 2691 286 2766 dispensandi
314 2701 506 2768 potestatem.
544 2695 600 2754 sed
632 2695 888 2769 quemadmodum
916 2695 1061 2756 sulficere

80 2780 143 2834 mm
157 2773 298 2850 inprobis
313 2776 475 2837 desideriis
497 2783 620 2852 posset,
643 2793 710 2838 curn
732 2785 842 2838 tantum
862 2794 970 2840 ornnes
987 2796 1060 2841 con-

78 2857 286 2932 cupiscerent,
305 2867 450 2940 quantum
465 2877 545 2921 unus
560 2867 701 2937 poterat?
729 2860 813 2920 Vidit
827 2861 930 2938 itaque
948 2863 1090 2934 strIctlss
1176 2866 1179 2871 “

79 2941 165 3000 circa
186 2943 293 3002 sellam
313 2959 400 3018 suam
421 2941 532 3019 gladiis
555 2945 775 3006 commilitones
792 2960 882 3019 suos,
908 2945 1061 3007 Cimbrum

78 3023 209 3098 Tillium,
224 3026 403 3086 acerrimum
418 3030 511 3103 paulo
525 3035 595 3089 ante
608 3029 737 3102 partium
750 3027 952 3104 defensorem,
969 3031 1061 3091 alios-

79 3122 144 3181 que
159 3115 233 3190 post
243 3107 422 3186 Pompeium
436 3111 557 3172 demum
568 3110 780 3186 Pompeianos.
796 3111 879 3172 Haec
894 3128 944 3173 res
959 3115 1062 3174 suain

80 3205 173 3264 reges
200 3207 284 3252 arma
305 3195 457 3256 convertit
475 3195 706 3268 fidissimosque
730 3210 767 3256 eo
789 3196 941 3270 conpulit,
967 3205 1000 3258 ut
1022 3198 1062 3257 de

79 3281 180 3334 morte
200 3290 308 3336 eorum
331 3279 514 3354 cogitarent,
536 3293 593 3354 pro
610 3277 722 3352 quibus
744 3285 774 3338 et
793 3287 864 3340 ante
884 3296 964 3354 quos
985 3280 1063 3342 mori

80 3364 188 3418 votum
204 3358 383 3422 habuerant.

146 3440 252 3504 XXXI.
274 3443 354 3504 Nulli
376 3446 414 3507 ad
436 3446 535 3506 aliena
554 3443 729 3521 respicienti
752 3461 809 3508 sua
824 3445 961 3522 placent.
989 3442 1091 3504 indet
