2528 3906
239 245 340 304 utut.
358 245 396 304 V.
433 243 485 309 DE
509 245 578 306 IRA
598 245 670 308 tta.
687 245 738 306 tlt.
758 254 881 310 e—la.
1007 245 1050 308 89
1088 307 1091 323 ,

74 393 358 453 Circumscribenda
368 393 469 454 multis
483 393 584 455 modis
599 393 645 455 ira
659 402 716 455 est.
739 396 886 474 pleraque
901 399 930 458 in
945 400 1046 460 lusum
1062 405 1079 458 a

17 495 18 506 ³
73 479 234 552 iocumque
251 483 416 536 vertantur.
449 475 607 538 Socratem
622 478 705 539 aiunt
719 479 850 555 colapho
864 497 1047 556 percussum

73 560 141 619 nihil
157 559 292 636 anrplius
307 559 526 638 dixissequam
541 563 721 635 „molestum
737 577 824 635 esse,
847 566 930 640 quod
943 567 1045 636 nesci·

73 650 136 704 reut
145 643 299 716 nominee,
318 643 441 719 quando
458 659 526 704 curn
540 646 628 720 galea
643 645 766 720 prodire
781 647 958 713 deberent.“
979 651 1078 710 Nona

74 727 329 802 quemadmodum
343 725 423 787 lacta
434 727 473 788 sit
485 727 594 791 iniuria
607 729 707 803 refert,
724 729 1046 806 sedquemadmodum
1119 777 1131 798 .

74 813 138 870 lata.
167 826 227 870 nec
242 809 332 871 video
348 825 444 887 quare
458 809 591 874 difficilis
610 812 650 872 sit
663 813 847 888 moderatio,
866 831 934 876 cum
949 818 1044 877 sciam

73 899 272 974 tyrannorum
288 911 413 970 quoque
427 895 543 955 tumida
558 901 589 954 et
603 893 724 957 fortuna
744 905 774 958 et
788 897 909 958 licentia
924 899 1046 976 ingenia

73 978 251 1038 familiarem
266 978 323 1038 sibi
340 977 498 1038 saevitiam
512 979 712 1054 repressisse.
747 979 937 1043 Pisistratum
953 991 1077 1057 certat

72 1061 303 1122 Atheniensium
322 1067 501 1140 tyrannum,
524 1063 688 1123 memoriae
702 1065 855 1139 proditur,
871 1081 939 1126 cunt
954 1069 1046 1128 multa

72 1147 99 1203 in
114 1145 325 1206 crudelitatem
340 1145 407 1206 eius
422 1145 524 1206 ebrius
540 1146 671 1207 conviva
686 1147 816 1209 dixisset
829 1165 886 1210 nec
901 1151 1046 1212 deessent

17 1259 18 1280 r
73 1229 122 1306 qui
137 1229 252 1288 vellent
265 1245 373 1290 manus
385 1227 414 1290 ei
429 1229 625 1290 commodare
636 1237 667 1290 et
677 1229 755 1292 alius
770 1231 855 1302 hinc,
872 1233 950 1294 alius
964 1235 1045 1294 illinc

73 1313 155 1372 laces
168 1312 351 1386 subderent,
367 1313 490 1388 placido
505 1314 607 1374 animo
620 1313 728 1374 tulisse
740 1313 839 1374 ethoc
854 1316 1044 1377 imitantibus

72 1394 276 1472 respondisse
296 1411 378 1470 „non
393 1398 490 1471 magis
507 1396 549 1456 illi
565 1413 601 1458 se
615 1412 800 1459 succensere
821 1401 954 1474 quamsi
976 1400 1045 1476 quis

72 1481 214 1556 obligatis
226 1480 324 1540 oculis
338 1479 369 1539 in
381 1495 416 1540 se
430 1480 638 1541 incurrisset“

130 1564 197 1623 Xll.
213 1557 329 1638 'Magna
344 1579 417 1640 pars
434 1564 575 1640 querelas
595 1581 686 1626 manu
701 1566 772 1626 lecit
786 1572 838 1626 aut
853 1566 930 1626 lalsa
944 1567 1046 1642 suspi-
1060 1570 1077 1623 1

73 1647 170 1708 cando
185 1655 239 1707 aut
251 1649 333 1707 levia
343 1647 549 1722 adgravando.
573 1663 668 1724 saepe
682 1650 722 1708 ad
739 1665 795 1709 nos
807 1651 851 1710 ira
866 1650 961 1722 venit,
979 1665 1045 1709 sae-

74 1733 141 1806 pius
158 1747 218 1792 nos
234 1731 274 1790 ad
287 1729 378 1790 illam.
401 1744 481 1806 quae
495 1747 660 1807 numquam
676 1731 863 1794 arcessenda
878 1741 935 1794 est.
957 1735 1045 1793 etiarn

73 1831 140 1876 cum
151 1813 268 1887 incidit,
283 1813 434 1874 reiciatur.
455 1813 550 1875 Nemo
563 1815 635 1876 dicit
645 1817 719 1876 sibu
734 1816 814 1891 „hoc
824 1823 950 1892 propter
961 1817 1077 1891 quoda

71 1899 199 1972 irascor,
216 1906 269 1959 aut
282 1899 340 1958 leci
353 1905 404 1959 aut
418 1897 531 1958 iecisse
544 1900 658 1974 potuis
682 1915 772 1960 nemo
787 1901 917 1960 animum
933 1900 1044 1959 lacien-

71 1985 122 2055 tis,
145 1984 204 2044 sed
219 1981 321 2058 ipsum
336 1982 474 2042 aestimat
488 1983 615 2044 tactumz
637 1984 721 2059 atqui
735 1982 786 2043 ille
805 1983 969 2044 intuendus
988 1990 1044 2056 est,

73 2067 203 2127 voluerit
222 2083 262 2126 an
286 2065 438 2138 inciderit,
469 2073 595 2127 coaetus
624 2067 723 2128 sitan
745 2068 909 2143 deceptus,
942 2066 1046 2126 odium

17 2201 18 2232 ,
74 2158 201 2210 secutus
217 2150 307 2210 sitan
323 2149 500 2225 praemium,
524 2150 581 2210 sibi
596 2167 711 2212 morem
725 2152 857 2226 gesserit
871 2167 907 2210 an
923 2166 1045 2212 manum

73 2234 158 2294 alteri
170 2233 419 2294 commodaverit.
441 2231 556 2308 aliquid
569 2241 653 2295 aetas
665 2236 820 2310 peccantis
833 2234 913 2308 lacit,
929 2233 1044 2310 aliquid

73 2319 209 2392 fortuna,
230 2325 264 2377 ut
286 2317 363 2377 lerre
386 2323 437 2377 aut
459 2317 521 2392 pati
542 2325 594 2378 aut
613 2319 776 2378 humanum
797 2320 837 2380 sit
857 2326 909 2379 aut
923 2317 1044 2380 humile.

72 2401 114 2461 Eo
136 2417 196 2462 nos
217 2403 287 2462 loco
310 2401 545 2476 constituamus,
576 2419 636 2475 quo
658 2403 707 2461 ille
728 2410 775 2463 est
799 2403 847 2464 cui
872 2397 1077 2462 irascimur=3

75 2485 153 2544 nunc
168 2485 241 2544 lacit
255 2500 313 2545 uos
328 2485 492 2545 iracundos
508 2484 612 2559 iniqua
627 2485 723 2544 nostri
738 2487 906 2546 aestimatio
922 2492 952 2544 et
966 2500 1046 2559 quae

76 2571 174 2628 lacere
191 2569 347 2642 vellemus,
369 2569 429 2642 pati
450 2567 602 2628 nolumus.
652 2567 746 2628 Nemo
767 2583 803 2627 se
816 2567 941 2630 differt:
962 2561 1079 2641 atquit

74 2652 238 2712 maximum
247 2652 414 2712 remedium
426 2652 489 2710 irae
500 2649 603 2712 dilatio
619 2658 680 2726 est,
694 2657 727 2710 ut
738 2653 853 2726 primus
865 2650 932 2709 eius
946 2649 1048 2710 lervor

75 2736 290 2810 relanguescat
306 2743 337 2796 et
351 2735 449 2809 caligo
466 2749 545 2810 quae
567 2735 676 2810 premit
695 2741 841 2807 mentem,
862 2741 914 2794 aut
932 2733 1048 2794 residat

76 2821 240 2880 autminus
255 2819 353 2878 densa
371 2818 419 2878 sit.
440 2817 591 2894 quaedam
603 2834 643 2878 ex
653 2819 701 2878 his
713 2833 793 2894 quae
807 2824 837 2878 te
850 2817 1048 2893 praecipitem

76 2903 220 2977 terebant,
234 2901 325 2975 hora,
347 2916 408 2960 uon
422 2908 536 2962 tantumn
548 2903 615 2963 dies
627 2903 755 2974 molliet,
771 2901 920 2977 quaedam
934 2917 971 2960 ex
983 2907 1047 2962 toto

77 2992 275 3047 evanescent:
291 2983 319 3046 si
332 2983 406 3044 nihil
417 2986 513 3059 egerit
524 2986 618 3060 petita
628 2987 799 3059 advocatio,
815 2985 853 3045 ad
857 2984 974 3060 parebit
988 2986 1049 3044 iam

77 3071 217 3131 iudicium
226 3083 320 3144 esse,
336 3084 398 3128 non
413 3068 497 3128 iram.
530 3068 680 3144 Quicquid
697 3069 783 3129 voles
799 3070 889 3142 quale
905 3068 944 3128 sit
958 3067 1047 3142 scire,

76 3155 202 3230 tempori
222 3153 320 3213 trade.
358 3151 431 3212 nilrll
452 3152 610 3226 diligenter
630 3152 660 3210 in
681 3152 777 3212 fluctu
796 3152 937 3211 cernitur.
980 3151 1077 3216 Nona

77 3239 170 3309 potuit
184 3239 338 3312 inpetrare
353 3252 371 3295 a
388 3251 423 3296 se
433 3235 517 3296 Plato
528 3243 657 3310 tempus,
675 3251 743 3295 cum
757 3251 849 3295 servo
864 3251 921 3296 suo
936 3234 1049 3296 irasce-

76 3327 170 3394 retur,
192 3320 249 3382 sed
263 3335 379 3395 ponere
393 3321 476 3380 illurn
491 3318 590 3378 statim
612 3319 745 3379 tunicam
765 3326 795 3378 et
816 3319 964 3394 praebere
982 3333 1049 3378 soa·-

78 3404 163 3476 pulas
186 3403 365 3463 verberibus
386 3403 475 3464 iussit
495 3419 553 3462 sua
572 3418 664 3461 manu
682 3403 750 3477 ipse
771 3417 929 3462 caesurus.
965 3407 1048 3474 post·

79 3503 167 3560 quam
181 3486 329 3548 intellexit
341 3485 432 3546 irasci
447 3501 491 3560 se,
507 3485 586 3546 sicut
603 3488 768 3546 sustulerat
781 3489 902 3544 manum
918 3496 1048 3554 suspen·
1073 3568 1075 3572 Α
