2554 3888
220 263 282 327 1eo
402 224 441 320 u.
463 260 610 321 Annam
633 257 810 318 sunnone
832 258 934 318 urat.
956 259 1006 318 rx.

219 416 249 475 in
266 430 328 490 qua
341 419 468 474 senatus
484 411 682 486 populusque
697 414 807 468 senatu
821 407 946 480 similis,
968 407 1070 468 cobet
1084 406 1199 470 cotidie

221 498 398 559 carnificum
417 496 505 556 triste
525 493 687 567 collegium
707 498 738 552 et
751 489 857 550 infelix
876 491 963 550 curia
982 493 1124 568 tyrannis
1145 509 1198 552 an-

219 589 324 657 gusta=
347 587 506 656 poteratne
521 579 573 638 illa
586 575 694 636 civitas
711 574 949 649 conquieseere,
968 575 1000 634 in
1015 591 1077 650 qua
1090 584 1137 638 tot
1150 584 1198 654 ty-

219 666 307 726 ranni
328 672 415 724 erant
435 668 510 738 quot
525 661 671 722 satellites
691 664 817 720 essenti
844 673 883 718 ne
903 674 978 732 spes
996 659 1120 734 quidem
1137 661 1199 722 ulla

219 749 416 823 recipiendae
437 745 583 806 libertatis
604 743 712 804 animis
735 749 855 818 poterat
870 741 989 815 offerri,
1007 757 1065 802 nec
1081 745 1135 803 ulli
1150 760 1197 804 re-

219 833 321 892 medio
336 833 425 892 loeus
437 828 606 904 adparebat
620 834 726 888 contra
736 833 852 888 tantam
862 827 924 886 vim
935 828 1098 886 malorum:
1114 829 1197 888 unde

188 924 205 976 n
221 917 300 978 enim
316 915 446 986 miserae
467 911 579 972 civitati
599 918 645 972 tot
659 911 865 970 Harmodios?
893 909 1036 970 Socrates
1050 917 1152 971 tamen
1167 913 1196 970 in

220 999 321 1058 medio
342 1003 407 1058 erat
426 997 458 1056 e't
476 998 616 1070 lugentes
631 1004 736 1071 patres
751 994 968 1055 consolabatur
982 1002 1013 1054 et
1027 994 1196 1089 desperan-

219 1089 267 1142 tes
279 1081 322 1142 ,de
336 1081 493 1156 republica
508 1079 726 1140 exhortabatur
740 1085 771 1139 et
785 1077 928 1138 divitibus
951 1093 1029 1152 opes
1044 1093 1119 1138 sues
1135 1095 1196 1138 me·

220 1165 375 1226 tuentibus
397 1163 605 1240 exprobrabat
624 1177 725 1224 seram
745 1161 939 1237 periculosae
960 1162 1106 1222 avaritiae
1123 1179 1196 1237 poe·

220 1249 376 1309 nitentium
401 1256 432 1308 et
456 1247 565 1307 imitari
589 1247 762 1306 volentibus
792 1260 936 1320 magum
964 1245 1198 1306 circumferebat

221 1333 393 1407 exemplar,
421 1348 489 1392 cum
514 1331 592 1391 inter
615 1329 738 1404 triginta
763 1329 904 1390 dominos
929 1329 1005 1389 liber
1029 1328 1196 1390 incederet.

188 1426 206 1480 3
220 1416 309 1476 Hunc
323 1423 424 1476 mmen
438 1415 578 1475 Athenae
591 1415 680 1488 ipsae
693 1414 725 1474 in
738 1427 864 1473 carcere
878 1413 1071 1486 occiderunt,
1092 1420 1122 1472 et
1145 1414 1197 1489 qui
1263 1485 1264 1496 χ

220 1507 285 1560 tuto
306 1501 504 1560 insultaverat
523 1498 634 1572 agmini
655 1503 854 1576 tyrannorum
875 1497 966 1570 civis,
992 1500 1056 1558 eius
1073 1497 1196 1558 liberta-

221 1592 282 1644 tem
301 1583 426 1643 libertas
448 1597 508 1640 non
529 1582 609 1640 tulit=
634 1589 668 1640 ut
688 1582 770 1642 scias
790 1588 821 1641 et
843 1581 875 1640 in
895 1579 1020 1641 adflicta
1038 1581 1197 1656 republica

221 1681 293 1726 esse
315 1666 511 1726 occasionem
531 1665 661 1740 sapienti
682 1665 748 1725 viro
769 1665 809 1724 ad
828 1679 864 1724 se
884 1665 1103 1740 proterendum
1122 1672 1154 1724 et
1166 1667 1195 1724 in

222 1747 343 1809 florenti
364 1765 401 1808 ac
420 1749 510 1809 beata
523 1749 698 1823 pecuniam,
718 1746 879 1822 invidiam,
899 1749 980 1808 mille
995 1749 1055 1808 alla
1068 1749 1197 1809 inermia

189 1833 294 1892 lvitia
313 1847 452 1908 regnare.
481 1833 653 1906 Utcumque
673 1847 746 1906 ergo
768 1847 803 1892 se
826 1833 1004 1907 respublica
1023 1831 1123 1907 dabit,
1150 1840 1195 1893 ut-

222 1931 353 1992 cumque
375 1918 498 1977 lortuna
518 1916 682 1991 permittet,
704 1916 746 1976 ita
766 1921 818 1976 aut
832 1915 1054 1992 explicabimus
1070 1932 1129 1992 nos
1145 1925 1197 1978 aut
1264 1959 1265 1972 ,

222 2000 455 2060 contrahemus=
476 1999 581 2074 utique
598 2000 790 2061 movebimus
811 2014 869 2058 nee
889 1999 1011 2074 adligati
1030 2007 1114 2060 metu
1134 2009 1195 2061 tor-

221 2083 373 2158 pebimus.
407 2084 498 2142 immo
515 2082 566 2142 ille
581 2083 627 2141 vir
644 2083 747 2156 luerit,
771 2084 823 2158 qui
839 2084 982 2158 periculis
997 2083 1136 2160 undique
1151 2085 1195 2143 in-

221 2166 421 2237 minentibus,
442 2165 535 2225 armis
558 2166 640 2225 circa
654 2175 684 2226 et
698 2167 813 2227 catenis
829 2167 1026 2228 frementibus
1041 2183 1104 2228 non
1119 2169 1196 2228 adli·

222 2249 297 2308 serit
317 2247 457 2309 virtutem
472 2263 530 2308 nec
545 2249 751 2312 absconderit
779 2266 842 2310 non
857 2259 905 2312 est
917 2252 996 2312 enim
1016 2267 1143 2312 servare
1160 2269 1196 2312 se

189 2343 206 2396 5
221 2331 367 2406 obruere,
381 2338 415 2392 ut
426 2333 545 2407 opinor.
567 2333 675 2394 Curius
686 2335 833 2395 Dentatus
844 2334 959 2408 aiebat,
971 2337 1087 2396 malle
1103 2352 1196 2396 esse

221 2431 263 2474 se
284 2423 472 2476 mortuum
493 2432 598 2492 quam
619 2417 761 2478 vivere.
795 2419 938 2478 Ultimum
952 2419 1101 2480 malorum
1116 2428 1196 2480 este

220 2499 361 2560 vivorum
380 2515 506 2560 numero
527 2501 626 2573 exire,
649 2509 811 2577 antequam
825 2499 975 2562 moriaris.
1003 2503 1059 2562 sed
1081 2504 1195 2564 lacien-

221 2583 292 2643 dum
309 2583 378 2658 erit,
395 2583 466 2644 siin
481 2583 669 2660 reipublicae
689 2593 810 2661 tempus
829 2585 929 2646 minus
949 2587 1107 2647 tractabile
1121 2588 1195 2648 inci-

221 2667 319 2739 deris,
333 2668 450 2742 utplus
466 2669 528 2729 otio
543 2683 580 2728 ac
596 2668 691 2728 literis
704 2668 853 2730 vindices.
882 2685 940 2730 nec
955 2669 1042 2730 aliter
1056 2687 1149 2745 quam
1163 2672 1193 2730 in

109 2765 118 2776 ’
221 2751 397 2824 periculosa
420 2749 614 2826 navigatione
640 2751 771 2812 subinde
797 2759 918 2828 portum
937 2760 1027 2828 petas
1054 2770 1113 2815 nec
1141 2770 1194 2814 ex-

221 2838 358 2906 spectes,
387 2835 488 2895 donec
514 2850 566 2894 res
593 2842 623 2895 te
649 2835 813 2911 dimittant,
841 2837 898 2896 sed
923 2836 1042 2898 abillis
1068 2846 1099 2898 te
1124 2839 1194 2913 ipse

223 2914 375 2990 diiungas.

190 3007 204 3058 1
282 3001 334 3060 Vl.
372 3001 577 3076 Inspicere
611 3010 733 3062 autem
769 3003 995 3065 debebimus
1031 3005 1193 3079 primum

220 3085 506 3159 nosmetipsos
534 3085 675 3146 deinde
703 3102 760 3159 ea,
790 3104 891 3162 quae
917 3088 1194 3163 adgrediemur

220 3165 391 3306 neglotia,
421 3167 564 3228 deinde
591 3185 673 3243 eos,
701 3187 861 3245 quorum
886 3188 1005 3232 causa
1025 3179 1089 3232 aut
1109 3187 1191 3231 cum

220 3265 285 3322 qur
318 3265 371 3308 us.

187 3337 204 3388 2
279 3333 377 3390 Ante
408 3335 535 3394 omnia
561 3337 583 3410 †
612 3337 938 3399 considerandum
965 3345 1038 3414 est,
1066 3346 1193 3400 utrum

220 3420 357 3474 natura
385 3420 449 3476 tua
476 3420 640 3490 agendis
667 3421 784 3481 rebus
815 3439 859 3482 an
895 3422 1025 3483 otioso
1053 3423 1191 3483 studio

219 3499 624 3576 contemplationique
644 3504 772 3578 aptior
792 3506 857 3578 sit,
879 3513 914 3565 et
934 3521 978 3566 eo
993 3505 1191 3566 inclinau-
