2522 3906
216 266 258 327 34
302 267 403 326 DIAL.
427 266 462 322 ll.
487 264 561 322 NEC
576 262 756 323 INIURIAM
769 261 842 321 NEC
858 259 1021 321 CONTUM.
1037 275 1100 320 arc.

217 417 339 493 qnando
355 416 444 475 etiam
460 415 643 474 salutaribus
661 431 721 474 non
737 429 945 487 occurremua,
955 414 1027 473 dum
1038 415 1205 475 muliebris
1245 405 1246 470 l

216 517 274 561 nos
290 515 363 559 cura
378 499 461 573 angit
474 498 589 573 aliquid
609 504 714 557 uonna
728 497 858 556 animum
874 496 1028 557 audiendi.
1056 499 1202 573 aliquan·
1245 515 1246 524 ¹

217 587 257 644 do
283 585 373 644 etiam
394 581 503 642 obirati
530 576 704 656 potentibus
731 580 907 654 detegemus
934 580 1014 642 huno
1041 581 1204 644 adiectum

217 667 429 743 intemperanti
445 665 589 725 libertate.
631 681 693 724 non
714 670 762 723 est
776 671 874 723 autem
891 665 1012 724 libertas
1028 665 1101 724 nihil
1123 668 1204 742 pati.
1246 660 1247 746 l

217 753 356 814 fallimur.
389 749 511 808 libertas
526 755 574 807 est
587 747 717 807 animum
732 762 942 822 superponere
956 748 1072 808 iniuriis
1085 757 1203 810 etcum
1246 763 1247 826 t

218 839 319 896 iacere
333 849 382 905 se,
399 849 438 892 ex
454 847 515 906 quo
531 834 598 891 solo
620 831 678 890 sibi
691 832 856 906 gaudenda
874 831 1005 892 veniant.
1044 835 1204 895 exteriora

218 921 371 978 deducere
386 933 404 975 a
419 931 468 988 se,
483 931 522 974 ne
536 914 672 990 inquieta
688 915 807 989 agenda
824 916 863 974 sit
876 916 937 975 vita
952 917 1086 976 omnium
1101 918 1202 990 risus

218 1003 351 1063 omnium
367 1001 485 1075 linguas
501 999 624 1062 timenti.
666 999 734 1074 quis
755 999 833 1057 enim
855 1007 916 1071 est,
939 999 1073 1073 quinon
1093 1005 1203 1074 possit

189 1085 429 1146 tcontumcliam
445 1085 555 1156 iacere,
572 1083 598 1142 si
614 1082 774 1158 quisquam
792 1089 913 1155 potest?
950 1082 1078 1142 Diverso
1094 1093 1202 1144 autem

217 1169 353 1232 remedio
369 1175 468 1227 utetur
489 1167 615 1240 sapiens
630 1167 861 1240 adiectato'rqne
882 1166 1067 1240 sapientiam
1092 1167 1202 1242 inper-

218 1254 305 1314 lectis
321 1252 400 1310 enim
416 1259 446 1310 et
463 1250 564 1309 adhuc
585 1249 624 1308 ad
647 1250 800 1324 publicum
820 1265 854 1307 se
874 1248 1018 1310 iudicium
1040 1250 1202 1324 dirigenti·
1247 1301 1248 1306 ,

216 1339 274 1397 bns
289 1336 348 1396 hoc
365 1335 599 1410 proponendum
619 1340 667 1392 cst
687 1334 764 1392 inter
783 1332 908 1393 iniurias
928 1331 1015 1409 ipsos
1039 1342 1203 1394 contume-

217 1421 338 1496 liasque
364 1418 478 1479 debere
504 1417 634 1476 versari:
664 1417 766 1476 omnia
786 1417 901 1477 leviora
922 1419 1061 1478 accident
1082 1435 1202 1494 exspe-

218 1504 376 1566 ctantibus.
391 1518 451 1577 quo
466 1501 597 1575 quisque
609 1499 767 1560 honestior
776 1516 897 1574 genere,
910 1501 997 1574 lama,
1012 1502 1201 1575 patrimonio
1248 1522 1249 1574 t

218 1596 273 1660 cst,
288 1587 347 1646 hoo
363 1601 398 1644 sc
412 1584 519 1645 lortius
534 1589 627 1656 gerat.
660 1599 775 1643 memor
795 1585 826 1643 in
846 1585 945 1658 prima
964 1585 1030 1644 acie
1050 1586 1130 1646 altos
1146 1603 1200 1646 or·

218 1670 305 1730 dines
321 1676 417 1740 stare,
434 1667 631 1727 contumelias
649 1673 678 1725 et
693 1667 787 1727 verba
801 1669 953 1742 probrosa
968 1677 997 1728 ct
1011 1670 1202 1743 ignominias
1248 1671 1249 1684 ¹

217 1762 248 1814 et
272 1760 372 1812 cetera
397 1751 669 1810 dehonestamenta
689 1752 771 1812 velut
791 1754 955 1812 clamorem
969 1753 1101 1814 hostium
1117 1755 1203 1816 ierat

218 1843 248 1896 et
261 1837 429 1910 longinqua
444 1836 505 1894 tela
519 1841 549 1893 et
565 1849 641 1893 saxa
652 1836 719 1894 sine
733 1835 858 1896 volnere
874 1837 954 1896 circa
975 1839 1079 1911 galeas
1094 1841 1202 1914 crepi-

217 1921 319 1982 tantia.
352 1919 477 1980 iniurias
498 1934 572 1978 vero
591 1926 624 1980 ut
645 1920 784 1990 volnera,
808 1921 866 1980 alia
882 1920 987 1994 armis,
1005 1921 1062 1980 alia
1076 1925 1203 1996 pectori
1249 1954 1250 1998 p

216 2005 325 2077 infixa,
351 2019 411 2062 non
432 2003 584 2073 deiectae,
611 2018 649 2060 nc
669 2011 768 2063 motus
784 2004 907 2078 quidem
922 2005 1020 2078 gradu
1035 2006 1203 2068 sustineat.
1249 2045 1250 2062 2

210 2087 335 2147 etiamsi
367 2085 513 2161 premeris
540 2092 570 2144 et
594 2085 703 2146 infesta
727 2087 757 2145 vi
781 2088 915 2161 urgeris,
957 2089 1067 2148 cedere
1091 2095 1202 2150 tamen

217 2181 305 2246 turpe
330 2177 389 2228 est:
418 2169 608 2242 adsignatum
633 2177 777 2230 enatura
802 2171 902 2231 locum
931 2177 1026 2231 tuere.
1070 2176 1203 2247 quaeris

184 2257 287 2330 louis
301 2253 350 2312 hic
365 2252 405 2312 sit
418 2254 526 2312 locus?
548 2253 612 2310 viri.
645 2251 780 2329 Sapienti
801 2255 883 2315 aliud
904 2256 1047 2316 auxilium
1063 2262 1111 2316 est
1124 2257 1204 2318 huic

218 2337 410 2398 contrarium.
442 2352 499 2396 vos
515 2336 594 2394 enim
608 2351 673 2396 rem
687 2339 806 2412 gentle,
828 2337 869 2397 illi
889 2347 976 2414 parta
990 2339 1119 2399 victoria
1137 2351 1203 2403 est.

217 2421 260 2480 Ne
274 2427 442 2495 repugnate
457 2425 560 2479 vestro
576 2420 658 2481 bono
677 2428 706 2481 et
726 2421 805 2482 hanc
820 2438 922 2496 spem,
944 2424 1015 2483 dum
1033 2423 1072 2481 ad
1088 2439 1203 2486 verum

216 2505 416 2581 pervenistis,
444 2503 512 2564 alite
527 2505 557 2562 in
572 2505 680 2564 animis
700 2505 892 2580 libentesque
914 2508 1040 2566 meliora
1060 2507 1203 2582 excipite

217 2597 248 2650 et
262 2588 406 2664 opinione
428 2603 463 2647 ac
485 2593 557 2648 voto
580 2589 693 2647 iuvate:
716 2604 788 2650 esse
810 2590 925 2665 aliquid
945 2590 1097 2661 invictum,
1122 2606 1202 2652 esse

217 2672 358 2746 aliquem,
372 2673 401 2732 in
417 2688 507 2747 quem
520 2669 594 2730 nihil
605 2674 725 2732 fortuna
742 2674 849 2747 possit,
869 2689 887 2733 e
904 2673 1060 2748 republica
1078 2681 1126 2734 cst
1142 2690 1202 2750 ge-

238 2757 299 2815 cris
317 2755 451 2814 humani,
