2522 3906
202 271 205 278 ,
253 217 356 278 DIAL.
375 217 426 278 IV.
460 218 511 280 DE
533 219 603 288 IRA
622 219 696 290 LlB.
718 221 753 279 11.
777 230 910 286 ra-to.
1029 225 1073 290 63

81 372 297 434 minuendam:
319 379 383 434 tnta
397 370 570 444 dimittatur,
587 371 660 432 nihil
673 374 835 449 profutura
848 383 905 438 est.
938 376 1005 438 sine
1018 379 1071 440 illa

81 455 203 518 facilius
228 455 406 532 rectiusque
430 457 550 526 scelera
574 457 730 530 tollentur,
756 457 829 521 mali
854 459 1016 536 punientur
1041 470 1072 526 et

83 541 321 602 transducentur
334 541 365 600 in
387 541 506 602 melius.
541 537 647 604 Omnia
662 556 742 616 quae
757 542 849 604 debet
862 543 986 620 sapiens
1002 546 1071 608 sinc

81 625 174 686 ultius
196 625 297 692 malae
322 622 559 689 reiministerio
583 622 697 689 efficiet
719 623 856 702 nihilque
880 625 1069 704 admiscebit,

83 709 172 770 cuius
187 707 314 768 modurn
328 709 488 772 sollicitius
504 707 657 768 observet

145 791 226 852 XIV.
258 791 431 867 Numquam
446 792 549 866 itaque
564 789 722 854 iracundia
736 791 923 856 admittenda
938 803 1000 870 est,
1015 798 1096 858 ali-l

84 876 208 950 quando
223 874 406 949 simulanda,
422 873 450 936 si
464 889 576 949 segnes
592 873 778 938 audientium
790 875 882 938 animi
894 879 1067 940 concitandi

82 965 170 1034 sunl,
192 957 272 1020 sicut
286 959 373 1020 tarde
388 964 611 1032 consurgentes
626 959 666 1018 ad
682 975 804 1020 cursum
819 976 918 1038 equos
935 963 1066 1022 stimulis

80 1043 265 1116 facibusque
277 1041 407 1106 subditis
420 1041 598 1104 excitamus.
627 1041 792 1118 aliquando
810 1044 1002 1106 incutiendus
1019 1053 1068 1107 est

79 1126 119 1187 iis
134 1133 233 1188 metus
248 1127 331 1201 apud
347 1143 427 1202 quos
441 1127 518 1186 ratio
533 1139 594 1185 non
611 1126 745 1201 prolicit:
760 1126 852 1188 irasci
867 1129 990 1204 quidem
1004 1145 1064 1190 non

80 1211 179 1286 magis
193 1209 266 1270 utile
281 1215 329 1270 est
344 1226 434 1286 quam
450 1225 597 1284 moerere,
611 1227 701 1284 quam
713 1218 858 1272 metuere.
882 1211 960 1286 Quid
971 1220 1098 1288 ergoln

80 1311 145 1354 non
160 1293 299 1354 incidunt
312 1309 425 1354 causae
441 1309 520 1369 quae
534 1294 610 1352 iram
625 1295 801 1356 lacessant?
831 1296 888 1355 sed
909 1303 981 1356 lunc
1002 1313 1064 1356 ma·
1086 1287 1091 1298 '

80 1379 163 1438 xime
178 1375 221 1437 illi
236 1378 442 1452 opponendae
462 1393 571 1438 manus
592 1384 672 1438 sunt
705 1393 763 1438 nec
787 1386 835 1440 est
854 1379 979 1439 difficile
999 1381 1064 1438 vin-

81 1477 153 1522 cere
168 1461 310 1534 animum,
327 1477 397 1522 curn
411 1461 542 1524 athletae
559 1477 684 1536 quoque
699 1459 730 1520 in
744 1461 894 1522 vilissima
911 1463 961 1523 sui
975 1469 1065 1538 parte

81 1545 224 1619 occupati
239 1553 340 1608 tamen
361 1544 439 1606 ictus
454 1545 641 1619 doloresque
655 1545 823 1619 patiantur,
846 1551 881 1605 ut
897 1543 978 1606 vires
994 1561 1062 1606 cae-

80 1629 182 1690 dentis
198 1627 393 1703 exhauriant,
419 1643 477 1688 nac
491 1645 561 1688 cum
575 1629 620 1690 ira
634 1629 759 1703 suadet,
780 1627 906 1702 leriunt,
923 1631 979 1689 sed
994 1644 1062 1690 cunr

79 1714 215 1774 occasio.
256 1711 406 1790 Pyrrhum
431 1711 595 1772 maximum
621 1719 855 1788 praeceptorem
888 1713 1092 1778 certamims3

79 1795 218 1878 gymnici
235 1797 358 1858 solitum
372 1795 456 1858 aiunt
469 1796 508 1856 iis
524 1811 604 1871 quos
619 1796 797 1869 exercebat,
813 1796 1006 1872 praecipere,
1023 1813 1062 1856 nc

79 1883 293 1942 irascerentur.
325 1880 370 1942 ira
388 1880 468 1940 enirn
484 1880 640 1956 perturbat
653 1887 748 1942 artem
762 1886 792 1940 et
807 1896 868 1954 qua
878 1888 988 1941 noceat
998 1887 1062 1939 tan·

81 1974 143 2026 tum
158 1964 301 2040 adspicit.
340 1980 436 2040 saepe
456 1965 559 2039 itaque
573 1963 650 2024 ratio
673 1961 847 2038 patientiam
869 1964 993 2038 suadet,
1018 1964 1063 2023 ira

78 2049 260 2122 vindictam,
282 2054 311 2108 et
331 2049 383 2124 qui
397 2049 503 2124 primis
519 2047 643 2121 defungi
658 2047 745 2106 malis
760 2045 930 2121 potuimus,
954 2047 984 2105 in
999 2063 1061 2106 mn-

78 2134 146 2194 iorn
167 2133 367 2195 devolvimur.
401 2133 556 2206 Quosdam
577 2130 668 2192 unius
690 2128 774 2190 verhi
795 2130 979 2192 contumelia
999 2136 1093 2192 nont

77 2233 181 2293 aequo
197 2217 298 2280 animo
313 2217 374 2279 lata
388 2218 420 2278 in
439 2217 564 2279 exilium
578 2215 714 2290 proiecit
749 2220 780 2274 et
802 2215 853 2290 qui
867 2214 967 2275 levem
983 2213 1060 2274 iniu-

76 2303 154 2361 riam
183 2301 303 2362 silenlio
330 2301 409 2360 lerre
434 2301 609 2370 noluerant,
633 2297 823 2374 gravissimis
848 2299 936 2358 malis
962 2298 1061 2358 obruti

77 2393 165 2458 sunt,
191 2383 400 2459 indignatique
418 2384 534 2459 aliquid
555 2399 594 2442 ex
614 2382 795 2459 plenissima
813 2382 951 2444 libertate
967 2382 1061 2440 demi·

76 2469 139 2542 nui,
154 2469 267 2528 servile
282 2470 311 2528 in
327 2483 399 2530 sese
413 2469 612 2528 adtraxerunt
626 2467 739 2541 iugum.

138 2553 205 2612 XV.
233 2553 292 2626 „Ut
306 2553 397 2624 scias,
413 2551 518 2626 inquil,
535 2552 610 2614 iram
625 2550 738 2610 habere
754 2549 784 2608 in
800 2565 835 2608 se
853 2547 995 2624 generosi
1009 2546 1088 2605 ali-l

77 2635 161 2710 quid.
180 2636 292 2700 llberas
308 2636 427 2696 videbis
442 2641 559 2711 gentes,
573 2649 653 2710 quae
667 2632 921 2695 iracundissimae
936 2636 1017 2702 sunt,
1028 2636 1061 2690 ut
1157 2697 1159 2701 ,

75 2720 247 2782 Germanos
262 2728 293 2781 et
307 2719 471 2798 Scythas.“
505 2719 589 2795 quod
609 2717 725 2790 evenit,
749 2714 821 2791 quia
841 2712 932 2774 fortia
946 2713 1059 2775 solida-

75 2819 137 2878 que
148 2809 258 2866 natura
272 2803 402 2880 ingenia,
418 2809 581 2879 antequam
595 2801 758 2875 disciplina
767 2799 949 2872 molliantur,
961 2813 1061 2873 prona

74 2888 105 2947 in
123 2887 198 2949 iram
223 2895 302 2949 sunt.
339 2889 490 2964 quaedam
510 2887 590 2948 enim
612 2901 674 2946 non
694 2882 754 2944 nisi
774 2882 951 2944 melioribus
972 2883 1059 2942 inna-

74 2980 204 3034 scuntur
228 2971 374 3046 ingeniis,
399 2971 479 3034 sicut
502 2969 604 3032 valida
623 2969 749 3032 arbusta
769 2973 799 3028 et
818 2967 897 3028 laeta
919 2963 1059 3042 quamvis

73 3059 217 3132 neglecta
231 3057 435 3130 tellusereat,
450 3063 481 3116 el
493 3055 554 3115 alia
568 3053 693 3115 fecundi
707 3052 766 3114 soli
781 3052 859 3112 silva
874 3056 935 3110 est:
956 3047 1092 3124 nequet

73 3149 105 3202 et
120 3142 243 3217 ingenia
258 3147 366 3203 natura
380 3141 470 3202 sortia
483 3137 671 3200 iracundiam
689 3138 790 3198 lerunt
810 3134 948 3208 nihilque
967 3141 1059 3194 tenue

73 3234 105 3287 el
119 3228 200 3286 exile
215 3226 342 3301 capiunt
355 3226 445 3300 ignca
459 3231 490 3284 et
503 3222 637 3296 fervida,
660 3221 716 3282 sed
737 3219 924 3296 inperfectus
939 3217 999 3276 illis
1015 3216 1059 3274 vi·

72 3327 131 3384 gor
146 3319 203 3385 est,
220 3318 254 3372 ul
269 3310 420 3381 omnihus,
437 3323 517 3384 quae
532 3305 599 3368 sine
613 3311 677 3366 arte
691 3304 790 3380 ipsius
805 3307 921 3362 tantum
932 3307 1059 3360 naturae

72 3395 155 3458 bono
171 3401 353 3470 exsurgunt.
387 3393 444 3453 sed
465 3392 524 3452 nisi
539 3391 598 3452 cito
615 3387 729 3450 domita
744 3393 829 3461 sunt,
846 3400 926 3460 quae
941 3382 1057 3444 fortitu-

73 3481 137 3542 dini
148 3487 223 3558 apta
234 3485 329 3555 erant,
343 3477 490 3540 audaciae
498 3474 719 3550 temeritatique
730 3474 946 3534 consuescunt.
963 3462 1103 3543 quinas,
