2522 3906
218 257 258 320 12
274 257 376 318 DIAL.
384 257 407 314 1.
421 256 553 330 QUARE
560 253 710 328 Antulla
719 251 953 313 INCOMMODA
962 249 1076 311 BONIS
1088 249 1199 310 VIRIS

213 427 290 487 pora
304 425 323 468 a
337 407 463 468 ferendo
478 404 554 466 mari
572 406 662 474 dura,
686 404 827 478 agricolis
843 417 952 462 manus
964 401 1067 474 tritae,
1085 401 1123 460 ad
1140 415 1195 460 cx·

214 493 356 552 cotienda
375 493 435 550 tela
450 491 594 548 militares
613 489 716 546 lacerti
733 489 847 559 valent,
869 485 959 560 agilia
974 491 1046 545 sunt
1059 485 1201 544 membra·

214 575 408 636 cursoribus:
424 575 454 632 id
470 573 499 631 in
517 586 641 646 quoque
656 569 875 631 solidissimum
890 576 937 628 est
952 569 1035 642 quod
1047 569 1194 626 exercuit.

214 660 253 718 ad
279 657 531 717 contemnendam
555 656 703 713 malorum
724 653 888 727 potentiam
909 651 1027 710 animus
1050 649 1197 725 patientia

215 741 368 818 pervenit,
385 755 464 814 quae
480 737 554 813 quid
569 739 597 796 in
614 736 702 796 nobis
718 736 841 794 efficere
857 734 957 809 possit
976 735 1073 806 seiae,
1095 735 1121 794 si
1140 735 1196 792 ad-

216 824 373 899 spersam
396 829 541 896 quantum
557 820 729 880 nationibus
745 819 835 878 nudis
854 823 885 878 ct
899 818 1003 892 inopia
1017 817 1196 877 fortioribus

168 897 304 967 litabor
323 909 472 980 praestet:
494 920 601 964 omnes
623 903 785 963 considera
805 907 927 975 gentes,
948 901 978 960 in
1001 901 1112 974 quibus
1133 901 1195 959 Ro-

209 1005 304 1049 mana
318 1004 381 1063 pax
394 987 513 1061 desinit,
531 989 698 1047 Germanos
715 986 783 1044 dico
794 993 823 1044 et
836 983 981 1058 quicquid
993 985 1074 1043 circa
1084 985 1197 1042 Istrum

214 1088 360 1146 vagarum
381 1071 514 1144 gentium
537 1077 687 1130 occursat.
716 1075 865 1142 perpetua
885 1069 953 1126 illos
973 1067 1086 1139 hiemS,
1107 1068 1202 1126 triste
1251 1055 1252 1138 l

190 1153 192 1157 ’
215 1157 334 1215 coelum
354 1154 477 1229 premit,
499 1153 630 1227 maligne
650 1153 749 1212 solum
759 1151 866 1210 sterile
881 1157 1045 1220 sustentat,
1068 1150 1198 1210 imbrem

215 1240 314 1298 culmo
337 1245 388 1308 aut
407 1237 516 1297 fronde
537 1237 718 1308 defendunt,
741 1249 836 1308 super
853 1235 961 1294 durata
975 1233 1071 1308 glacie
1086 1241 1201 1306 stagna·

171 1328 206 1380 15
215 1323 399 1396 persultant,
415 1321 445 1379 in
462 1319 636 1379 alimentum
651 1321 732 1378 feras
749 1323 879 1392 captant.
902 1317 1006 1376 Miseri
1020 1317 1073 1375 tibi
1088 1316 1198 1376 viden·

212 1412 282 1466 turt
303 1404 376 1464 nihil
396 1405 539 1464 miserum
555 1402 701 1477 estquod
720 1401 751 1459 in
767 1407 904 1460 naturam
919 1401 1108 1460 consuetudo
1124 1415 1197 1474 per-

214 1489 308 1548 duxit.
334 1489 476 1561 paulatim
492 1487 570 1544 enim
584 1485 729 1559 voluptati
745 1491 816 1543 sunt
831 1499 910 1558 quae
925 1483 1108 1542 necessitate
1124 1499 1197 1544 coc·

213 1579 332 1644 perunt.
363 1571 446 1630 nulla
466 1570 524 1628 illis
548 1567 700 1627 domicilia
722 1567 885 1641 nullaeque
908 1568 1000 1626 sedes
1022 1573 1107 1638 sunt,
1135 1567 1202 1626 nisi·

215 1671 293 1727 quas
317 1653 466 1713 lassitudo
487 1653 518 1710 in
540 1651 620 1709 diem
641 1649 752 1724 posuit.
782 1649 852 1708 vilis
875 1658 904 1710 et
924 1649 973 1709 hic
997 1651 1198 1724 quaerendus

214 1753 305 1795 manu
328 1737 440 1808 victus,
465 1735 618 1814 horrenda
637 1733 780 1808 iniquitas
802 1735 894 1804 coeli,
920 1733 1032 1795 intecta
1052 1749 1197 1808 corpora.

213 1819 272 1878 hoc
289 1819 372 1892 quod
388 1817 441 1877 tibi
453 1819 607 1878 calamitas
620 1818 745 1890 videtur,
761 1823 805 1876 tot
818 1819 951 1890 gentium
962 1817 1024 1876 vita
1039 1824 1102 1876 est:
1120 1817 1199 1892 quid

173 1909 205 1964 16
215 1897 340 1966 miraris
354 1902 455 1961 bonos
471 1902 570 1974 viros
594 1907 627 1960 ut
647 1901 877 1970 confirmentur,
895 1900 1034 1960 concutit
1056 1900 1124 1960 Non
1147 1910 1200 1960 cst

115 1997 117 2002 ’
214 1985 306 2043 arbor
320 1985 421 2044 solida
436 1999 493 2042 nec
509 1985 610 2056 fortis,
633 1985 691 2042 nisi
711 1983 741 2041 in
757 1999 847 2061 quam
862 1985 1007 2058 frequens
1022 1991 1133 2044 ventus
1150 1983 1199 2041 in·-

215 2075 327 2126 cursat.
350 2068 420 2142 ipsa
441 2068 519 2126 enim
533 2067 697 2126 vexatione
720 2065 934 2140 constringitur
949 2071 978 2125 ct
991 2067 1112 2126 radices
1129 2082 1199 2126 cer«

213 2151 273 2210 tius
296 2151 369 2224 figit.
400 2149 523 2224 fragiles
548 2158 619 2210 sunt
639 2165 718 2224 quae
738 2150 767 2208 in
789 2150 894 2224 aprica
916 2151 996 2209 valle
1019 2158 1199 2210 creverunt:

214 2250 271 2308 pro
293 2232 370 2307 ipsis
392 2249 464 2307 crgo
486 2233 576 2294 bonis
597 2233 671 2293 viris
692 2241 752 2304 est,
776 2239 810 2292 ut
830 2250 900 2293 esse
922 2233 1047 2292 interriti
1063 2234 1199 2306 possint,
1251 2257 1252 2344 p

214 2317 339 2376 multum
361 2315 440 2376 inter
465 2317 671 2378 formidolosa
684 2317 800 2376 versari
821 2324 851 2376 et
870 2333 969 2392 aequo
992 2317 1093 2375 animo
1114 2317 1206 2376 ferre
1251 2349 1252 2358 .

214 2415 294 2475 quac
310 2416 371 2458 non
387 2407 459 2460 sunt
472 2402 551 2459 mala
566 2399 626 2460 nisi
640 2402 718 2459 male
734 2400 903 2459 sustinenti.
924 2462 930 2475 ,

185 2497 201 2548 1
276 2484 314 2542 V.
336 2483 458 2543 Adice
477 2499 592 2557 nunc,
610 2484 712 2559 quod
733 2500 800 2557 pro
822 2483 997 2542 omnibus
1019 2483 1201 2555 cstopti-

214 2583 308 2626 mum
324 2581 524 2643 quemque,
546 2568 654 2628 utita
675 2567 813 2638 dicam,
834 2567 1002 2626 militare
1025 2571 1060 2623 et
1079 2564 1232 2624 edere·

215 2666 365 2724 operas.
397 2651 465 2710 Hoc
490 2657 538 2709 est
561 2651 753 2726 propositum
775 2651 833 2710 deo
857 2651 939 2724 quod
965 2647 1203 2722 sapientium,

215 2735 378 2793 ostendere
393 2734 469 2792 hacc
482 2749 561 2805 quac
572 2737 681 2808 volgus
693 2734 823 2807 adpetit,
840 2747 919 2808 quae
933 2731 1124 2803 reformidat,
1138 2748 1206 2792 nec
1251 2757 1252 2768 ¹

213 2818 296 2876 bona
310 2831 383 2875 esse
396 2831 453 2874 ncc
468 2818 556 2875 mala.
583 2813 775 2892 adparebunt
788 2825 888 2876 autem
904 2815 985 2875 bona
999 2830 1084 2887 esse,
1104 2813 1132 2872 si
1146 2815 1207 2874 illa

213 2916 275 2958 non
290 2899 349 2958 nisi
362 2899 452 2959 bonis
464 2899 539 2960 viris
553 2899 705 2972 tribuerit,
722 2907 752 2960 et
765 2901 843 2958 mala
858 2915 944 2974 esse,
961 2897 988 2959 si
1004 2905 1117 2957 tantum
1132 2913 1203 2956 ma·
1251 2929 1252 2980 p

119 3039 122 3046 .
183 2983 251 3044 alis
266 2981 461 3058 inrogaverit.
489 2983 685 3043 Detestabilis
700 2983 757 3043 erit
770 2985 928 3057 caecitas,
939 2983 966 3044 si
981 2999 1070 3041 nemo
1087 2982 1208 3042 oculos-
1251 2981 1252 3072 l

214 3065 395 3141 perdiderit,
411 3066 471 3126 nisi
487 3065 535 3126 cui
550 3068 676 3126 eruendi
692 3075 777 3126 sunt:
792 3067 896 3141 itaque
911 3073 1035 3126 careant
1047 3067 1117 3125 lucc
1131 3065 1204 3138 Ap-
1251 3077 1252 3170 t

213 3149 283 3224 pius
299 3157 329 3209 et
339 3149 489 3209 Metellus.
517 3165 579 3209 non
595 3157 666 3210 sunt
680 3150 802 3210 divitiae
817 3150 946 3210 bonum:
967 3149 1071 3224 itaque
1084 3147 1209 3211 habeat
1251 3173 1252 3232 l

212 3234 281 3292 illas
298 3240 328 3292 et
341 3231 426 3295 Elius
441 3233 529 3302 leno,
546 3241 579 3293 ut
592 3232 732 3294 homines
749 3234 922 3308 pecuniam,
944 3250 1012 3293 oum
1027 3233 1057 3291 in
1072 3233 1205 3304 templis
1251 3233 1252 3248 ¹

212 3315 476 3389 consecraverint,
500 3316 623 3376 videant
637 3323 668 3380 et
685 3317 716 3376 in
732 3317 857 3378 fornice.
891 3319 974 3378 nullo
989 3317 1082 3376 modo
1096 3317 1207 3388 magis

213 3404 315 3473 potest
330 3399 406 3457 deus
422 3399 772 3474 concupitatraducere,
790 3417 880 3474 quam
895 3399 922 3460 si
936 3401 988 3460 illa
1002 3401 1043 3460 ad
1056 3398 1207 3472 turpissi·
1251 3399 1252 3402 ’

176 3491 279 3544 amos
297 3483 404 3557 defert,
420 3483 459 3541 ab
475 3484 597 3559 optimis
613 3484 715 3559 abigit.
738 3487 799 3560 „At
813 3485 950 3560 iniquum
965 3488 1014 3544 est
1026 3484 1126 3542 virum
1140 3482 1206 3544 bo-
