2546 3890
193 200 199 216 ⁴
222 243 286 308 244
355 217 360 226 '
388 244 422 304 a.
443 240 590 304 anunm
611 240 786 304 sonuum
808 239 995 304 nrautxn..

222 396 391 457 trahentem
412 392 582 455 necessitas
602 401 633 454 et
651 393 777 453 victoris
799 397 898 453 metus
919 387 1086 468 longinqua
1102 400 1195 468 quae·
1261 363 1262 368 ἵ

168 547 170 556 ¹
223 487 339 542 rentem
353 479 383 538 in
398 479 512 540 italiam
528 476 643 538 detulit.
675 476 732 536 Hie
746 475 858 536 deinde
872 477 1007 552 papatus
1023 485 1099 551 quot
1113 478 1195 538 eclo-

170 598 173 618 ,
224 564 291 622 nias
316 563 345 622 in
369 577 490 622 omnem
512 559 700 636 provinciam
718 560 820 620 nrisitt
850 559 1035 636 ubicumque
1048 561 1122 621 'vicit
1135 561 1195 620 Ro-

141 671 150 690 ,
170 641 174 734 j
225 661 332 706 manus
348 645 471 706 habitat.
490 645 541 703 Ad
555 644 634 703 hanc
648 643 903 704 conmutationem
917 645 1055 704 iocorum
1063 645 1195 704 libentes

168 737 172 784 ί
226 729 348 792 ncnrirta
367 729 480 788 debant
503 735 533 788 et
553 726 666 786 relictis
681 723 923 787 atis'suistrans
936 727 1196 802 mariasequeba-

196 824 272 879 atur
292 812 421 874 coionos
444 825 550 870 senex.
582 811 645 870 Res
668 808 792 884 quidem
813 825 875 871 non
896 809 1051 888 desiderat
1065 812 1196 886 plurium

226 895 493 956 enumerationem.
512 895 604 953 unum
619 899 719 952 umen
734 891 877 965 adiciam,
890 895 977 967 ¹quod
992 893 1023 953 in
1039 897 1146 955 oculos
1162 910 1196 954 se

226 977 344 1055 ingerit.
369 977 458 1038 Hae'c
466 977 536 1052 ipsa
550 977 651 1036 insula
663 989 760 1050 saepe
774 977 832 1038 iam
848 975 1132 1038 cultoresmutavit
1164 985 1197 1037 ut
1261 1003 1262 1038 r

225 1061 412 1138 antiquiora,
443 1075 523 1136 quae
544 1066 681 1121 vetustas
696 1056 845 1130 obduxit,
870 1066 1038 1134 transeam,
1062 1061 1196 1138 Phocide

225 1144 331 1206 relicta
346 1139 441 1218 Graii,
464 1145 516 1219 qut
538 1159 618 1204 nunc
633 1141 799 1204 Massiliam
821 1141 970 1217 incolunt,
994 1145 1079 1218 prius
1094 1146 1124 1204 tn
1140 1145 1197 1203 hac
1261 1161 1262 1206 1

226 1229 326 1290 insula
340 1229 561 1301 consederunt,
577 1240 693 1302 exque
711 1225 784 1300 quid
799 1241 855 1286 eos
871 1227 1034 1310 fugaverit,
1049 1227 1197 1287 incertum
1261 1261 1262 1290 r

225 1319 288 1388 est,
308 1315 408 1373 utrum
431 1311 509 1373 coeli
523 1311 656 1386 gravitas
672 1327 710 1370 an
724 1311 932 1384 praepotentis
950 1310 1197 1384 latiaeconspe-

226 1403 293 1458 ctus
308 1411 347 1456 an
362 1403 470 1457 natura
483 1391 655 1471 inportuosi
670 1393 776 1452 murier
791 1403 861 1452 nano
873 1387 903 1452 in
916 1397 1013 1454 eausa
1025 1403 1086 1454 non
1100 1391 1198 1454 tuisse

142 1509 143 1512 ¹
226 1480 374 1542 feritatem
395 1479 568 1540 accolarum
589 1491 627 1538 eo
642 1478 785 1552 adparet,
806 1477 889 1550 quod
904 1476 1121 1561 marime'tuno
1135 1484 1198 1537 tru-

227 1563 313 1624 cibus
344 1570 374 1623 et
397 1562 560 1623 inconditis
583 1560 703 1622 Gadiae
727 1561 850 1635 populis
875 1573 911 1620 se
940 1562 1197 1636 interposuerunt.
1261 1611 1262 1618 ,

198 1643 422 1713 9Transierunt
436 1643 547 1706 deinde
560 1645 687 1720 Ligures
701 1645 732 1703 in
747 1657 828 1718 eam,
848 1645 1031 1706 nansierunt
1045 1647 1198 1720 ‹tt-'Hispa-

226 1729 271 1803 ni,
292 1729 377 1804 quod
398 1743 437 1790 ex
458 1727 653 1790 simititudine
667 1728 743 1788 ritus
759 1729 899 1802 adparet:
916 1729 1023 1788 eadem
1038 1727 1197 1803 enim'tcg-

226 1815 328 1873 menta
343 1811 478 1889 capitum
499 1813 641 1890 idemque
656 1823 753 1887 genus
769 1811 980 1890 calciamenti,
992 1813 1076 1887 quod
1091 1813 1197 1873 Canta-

168 1952 171 1960 .
200 1958 202 1962 ,
228 1897 290 1957 bris
310 1899 372 1972 est,
394 1903 425 1956 et
445 1895 539 1957 verba
553 1897 712 1972 quaedam.
734 1911 805 1954 narn
819 1901 900 1956 totns
916 1911 1016 1956 sermo
1033 1909 1198 1956 eonversa-

227 1977 724 2056 tioneGraecorum'Ligurnmque
739 1995 757 2038 a
770 1962 868 2053 patrio
884 1978 1020 2039 descirit.
1045 1979 1197 2040 deductae
1261 1973 1262 2044 ζ

228 2064 339 2124 deinde
359 2065 434 2124 sunt
453 2065 532 2124 duae
548 2060 659 2124 civium
671 2064 878 2124 Romanorum
893 2064 1046 2135 coloniae,
1068 2065 1197 2123 aiteraa
1261 2053 1262 2132 i

228 2147 338 2220 Mario,
360 2147 456 2206 altera
475 2164 493 2206 a
509 2147 609 2208 Sulla:
630 2145 846 2209 rottenshuius
860 2146 937 2208 aridi
951 2149 980 2208 et
995 2135 1114 2223 spinosi
1128 2151 1196 2208 saxi

189 2235 359 2294 rernutatus
372 2231 422 2290 e'st
438 2233 581 2305 populus.
602 2231 667 2292 Vix·
678 2231 811 2306 denique
824 2231 963 2292 invenies
974 2233 1065 2292 uitam
1076 2238 1198 2304 terram,
1261 2267 1262 2312 3

227 2327 320 2388 ¹quam
346 2313 517 2374 etiamnunc
542 2315 704 2390 indigenae
728 2317 838 2376 cctam.
871 2313 1023 2390 permixta
1042 2316 1145 2376 omnia
1168 2323 1199 2375 et
1261 2339 1262 2372 ;

228 2396 357 2457 insiticio
372 2403 452 2456 sunt.
484 2397 563 2458 atius
582 2399 633 2458 alii
650 2399 811 2459 suecessit.
839 2397 889 2458 hic
904 2399 1095 2474 consopivit,
1112 2398 1199 2474 quod
1261 2397 1262 2472 ξ

227 2477 271 2540 illi
284 2479 407 2541 fastidio
422 2480 485 2540 tuit.
507 2482 557 2541 iiie
570 2477 654 2542 unde
670 2483 843 2556 expulerat,
858 2481 974 2542 eiectus
989 2490 1046 2543 est.
1076 2483 1122 2543 ita
1137 2485 1198 2544 tato
1261 2479 1262 2504 i

228 2563 343 2639 placuit
357 2563 468 2624 nultius
482 2565 527 2624 rei
541 2566 654 2627 eodem
665 2578 788 2644 semper
801 2567 871 2626 loeo
886 2569 968 2626 stare
983 2567 1144 2628 tartunam.
1261 2603 1262 2620 r

199 2655 215 2708 1
289 2648 1199 2724 v111.chversusipsamconmetationem1000-
1261 2723 1262 2730 ἵ

228 2747 306 2790 rum
320 2731 467 2792 detramis·
479 2729 588 2793 ceteris
603 2733 814 2808 incommodis,
824 2739 906 2808 quae
917 2731 1011 2794 ciritio
1020 2732 1199 2806 adhaerent,
1261 2743 1262 2756 ¹

229 2813 326 2874 satis
341 2815 588 2887 hoeremedii
603 2821 688 2890 putat
701 2817 816 2890 Varro,
833 2817 1030 2877 doctissimus
1045 2817 1199 2878 Romano·

228 2913 309 2970 rum,
340 2900 423 2974 quod
445 2909 641 2974 quocumque
661 2901 815 2975 vedimur,
841 2900 949 2960 eadem
968 2917 1070 2961 rerum
1090 2903 1203 2962 natura

228 2981 372 3042 utendum
396 2987 452 3044 est.
479 2977 526 3042 m.
541 2982 653 3042 Brutus
678 2984 754 3044 satis
772 2984 832 3058 hoe
854 2989 952 3060 putat,
979 2985 1063 3062 quod
1084 2986 1156 3046 licet
1169 2986 1200 3044 in
1261 2991 1262 2994 ’

158 3127 161 3141 ,
201 3065 507 3129 rexdiumeuntiuus
521 3067 649 3151 ninutas
664 3079 738 3127 suas
754 3080 859 3142 seeum
874 3069 964 3127 terre.
985 3068 1069 3128 Haec
1080 3068 1200 3129 etiamsi

230 3147 299 3221 quis
314 3146 434 3224 singula
447 3164 555 3229 parum
566 3149 678 3210 iudicat
689 3151 827 3218 efficacia
839 3151 879 3210 ad
889 3153 1113 3212 consolandum
1124 3168 1200 3212 exu·
1261 3173 1262 3224 r

229 3230 303 3312 lem,
323 3234 502 3317 adaquato
518 3247 615 3293 unum
636 3236 745 3294 collata
759 3233 901 3295 fatebitur
917 3233 1077 3308 plurimum
1091 3251 1200 3310 posse.
1261 3289 1262 3294 ,

230 3315 407 3386 quantulum
427 3315 590 3390 enimssest,
617 3313 702 3391 q‘udd
723 3318 932 3392 perdidimusr
959 3317 1022 3379 duo
1037 3335 1118 3394 quae
1133 3321 1202 3394 pul·
1261 3351 1262 3354 π

230 3395 379 3456 cherrima
399 3405 484 3481 suut,
501 3413 704 3476 quocumque
722 3407 780 3462 nos
794 3401 993 3475 moverimus,
1015 3411 1202 3477 sequentum
1261 3403 1262 3454 ζ

199 3481 335 3540 enatura
354 3480 523 3542 eommunis
534 3489 573 3542 et
587 3485 720 3560 propria
735 3484 839 3548 virtus.
870 3485 907 3544 ld
921 3492 1021 3546 aetum
1037 3491 1100 3562 est,
1129 3485 1205 3546 auid
1261 3479 1262 3490 ’
