2546 3890
294 241 345 302 DE
368 239 587 300 CLEMENTIA
610 239 717 298 alal.
738 248 870 304 12-14.
1006 240 1069 305 28⁹

20 363 72 476 Qu*
87 394 299 456 miserabilem
315 391 414 464 illurn,
436 391 493 451 sibi
510 397 608 452 certet
638 391 832 452 narrt-ceteris
846 390 984 453 misereri
999 393 1066 454 eius

24 465 72 508 lli*
90 479 183 538 nelos
205 476 260 548 sil,
281 473 498 551 qui'caedibus
523 489 560 533 ac
584 473 700 550 rapinis
726 476 891 550 potentiam
919 479 1065 551 exercuit,

18 533 73 608 lupi:
90 561 148 637 qui
160 566 314 635 suspecta
329 558 388 619 sibi
405 565 513 618 cuncta
528 558 660 618 reddidit
680 565 739 618 tam
758 567 884 620 externa
905 577 996 635 quam
1010 561 1064 622 do-

16 629 74 713 s‘iffll
89 643 237 716 mesdeo,
253 659 323 702 cum
337 658 421 702 arma
436 647 548 701 metuat
563 642 603 700 ad
615 657 699 702 arma
711 643 905 718 confugiens,
920 659 981 703 non
993 645 1066 704 arni-

17 719 75 798 ΜΨ
89 743 202 788 corum
216 727 289 786 lidei
304 726 451 797 credens,
474 741 535 785 non
551 724 713 786 liberorum
730 726 842 801 pietali.
877 727 929 800 qui
943 727 994 788 ubi
1010 728 1066 788 oir-

17 804 73 882 fflllffl
89 810 269 887 cumspexit
279 823 421 886 quaeque
431 809 650 883 lecitquaeque
661 810 857 881 lecturusest,
870 813 1067 872 etconsoien-
1102 813 1105 819 '

21 874 73 967 llll
91 896 168 955 tiam
195 910 281 955 suam
311 893 431 969 plenam
456 891 624 952 sceleribus
653 909 690 954 ac
714 893 871 955 tormentis
899 895 1066 970 adaperuit,

15 972 73 1021 llll-³
90 995 194 1054 saepe
217 984 344 1038 mortem
368 977 464 1050 limet,
489 975 615 1051 saepius
640 983 726 1052 optat
744 977 871 1038 invisior
890 978 949 1040 sibi
975 995 1066 1054 quarn

16 1057 71 1138 niun:
92 1061 312 1124 servientibus.
348 1059 374 1120 Ε
395 1059 546 1120 contrario
571 1062 612 1134 is,
634 1061 683 1120 cui
703 1076 795 1121 curae
821 1069 891 1121 sunl
914 1062 1100 1138 universae

14 1141 70 1225 risun·
91 1147 149 1222 qui
165 1145 224 1206 alia
238 1145 351 1220 magis,
367 1143 427 1204 alia
440 1142 538 1210 minus
555 1149 668 1219 luetur,
679 1146 793 1208 ¹nullam
809 1161 869 1204 non
881 1146 1067 1220 reipublicae

14 1223 70 1288 plut
95 1238 217 1306 partem
231 1237 384 1304 tamquam
399 1228 447 1288 sui
463 1227 562 1300 nulrit,
577 1228 738 1288 inclinatus
754 1228 792 1288 ad
807 1229 933 1300 mitiora,
949 1229 1067 1290 etiamsi

89 1330 135 1373 cx
148 1329 209 1373 usu
222 1320 270 1374 est
283 1312 538 1384 animadvertere,
557 1313 723 1373 ostendens
732 1328 831 1386 quam
845 1311 957 1374 invitus
976 1329 1065 1388 aspe-

13 1381 71 1474 nolu
92 1415 131 1458 ro
154 1395 291 1457 remedio
310 1401 418 1456 manus
440 1395 618 1469 admoveat,
647 1394 678 1454 in
697 1396 786 1456 euius
803 1395 904 1457 animo
921 1395 991 1456 nihil
1011 1397 1065 1460 ho*

17 1477 62 1526 llll
90 1482 183 1552 stile,
210 1480 284 1540 nihil
298 1479 425 1540 efferum
440 1485 501 1551 est,
523 1479 574 1553 qui
598 1479 763 1554 polentiam
788 1495 875 1542 suam
896 1481 1015 1554 placide
1029 1497 1067 1561 ac

13 1545 67 1613 null
94 1563 271 1625 salutariter
290 1571 427 1634 exercet,
449 1562 622 1636 adprobare
642 1559 769 1638 imperia
790 1579 848 1624 sua
872 1563 991 1624 civibus
1014 1581 1065 1625 cu-

19 1627 67 1696 lani
95 1649 202 1724 piens,
224 1647 297 1706 lelix
312 1647 432 1707 abunde
452 1647 510 1706 sibi
527 1644 627 1718 visus,
648 1645 676 1706 si
697 1647 846 1706 fortunam
862 1665 947 1708 suam
969 1649 1066 1724 publi·

23 1729 68 1793 elli·
95 1731 228 1803 caverit,
246 1746 388 1790 sermone
403 1729 543 1790 adlabilis
559 1745 751 1806 accessuque
763 1730 874 1806 laoiliS,
894 1732 994 1804 voltu,
1015 1733 1067 1808 qui

12 1809 69 1883 goul
93 1816 231 1876 maxime
246 1816 380 1890 populos
396 1814 581 1886 demeretur,
605 1814 758 1887 amabilis,
780 1816 887 1890 aequis
905 1814 1067 1878 desideriis

12 1895 66 1964 qul
95 1914 292 1976 propensus,
316 1898 405 1957 etiarn
426 1897 538 1972 iniquis
553 1895 633 1973 [non]
655 1897 801 1972 acerbus,
825 1915 844 1959 a
865 1907 927 1960 tota
949 1899 1068 1960 civitate

11 1981 64 2036 ,llll
93 1990 231 2054 amatur,
253 1979 439 2054 defenditur,
462 1979 578 2041 colitur.
609 1981 723 2042 Eadem
739 1982 778 2042 de
792 1981 843 2042 illo
858 1981 997 2043 homines
1020 1992 1099 2046 seo

11 2063 68 2122 nnul
96 2075 183 2127 creto
199 2067 366 2142 loquuntur
381 2081 461 2141 quae
475 2067 585 2140 palam.
605 2066 713 2127 tollere
727 2065 808 2127 lilios
826 2067 952 2142 cupiunt
968 2074 999 2128 et
1012 2083 1068 2142 pu·

11 2166 22 2220 ·,
33 2142 67 2200 inu
96 2150 187 2211 blicis
205 2149 292 2210 malis
309 2150 451 2210 sterilitas
470 2149 583 2210 indicta
597 2149 770 2211 recluditur.
805 2151 884 2211 bene
898 2165 933 2212 sc
947 2151 1068 2212 meritu-

41 2305 53 2316 1,
96 2251 166 2294 rurn
182 2233 221 2292 de
235 2231 338 2293 liberis
353 2234 419 2294 suis
436 2233 568 2308 quisque
588 2251 649 2294 non
665 2233 796 2307 dubitat,
819 2233 931 2310 quibus
946 2237 1006 2296 tale
1021 2251 1068 2296 se-

11 2306 67 2374 prul?
100 2320 203 2378 aulum
219 2317 395 2379 ostenderit.
429 2317 486 2376 Hic
501 2318 645 2393 prinecps
661 2334 719 2378 suo
733 2318 883 2380 beneflcio
898 2326 982 2381 tutus
997 2319 1069 2379 nihil

13 2394 66 2473 orlrsl
99 2399 265 2478 praesidiis
285 2408 367 2474 eget,
388 2416 472 2461 arma
487 2397 655 2460 ornamenti
670 2416 764 2461 cansa
777 2401 884 2462 habet

11 2481 67 2540 rull
161 2483 242 2544 XIV.
261 2483 349 2558 Quod
370 2483 443 2557 ergo
464 2483 598 2542 osticium
623 2483 690 2542 eius
705 2491 785 2542 est?
812 2486 896 2558 quod
920 2485 1102 2555 bonorumr

11 2562 64 2625 :toul
100 2573 277 2644 parentum,
300 2567 351 2643 qui
378 2567 540 2641 obiurgare
560 2567 673 2626 liberos
695 2583 921 2641 nonnumquam
949 2567 1070 2640 blande,

11 2648 67 2710 lelll'
100 2667 329 2727 nonnumquam
342 2650 498 2710 minaciter
509 2651 615 2723 solent,
629 2649 793 2725 aliquando
805 2651 970 2711 admonere
982 2651 1072 2711 etiam

11 2716 67 2794 qni·
101 2733 293 2796 verberibus,
322 2733 476 2810 Numquid
490 2733 602 2809 aliquis
618 2750 713 2794 sanus
729 2734 822 2794 lilium
833 2751 852 2794 a
865 2733 962 2810 prima
975 2732 1072 2794 offen·-

19 2807 64 2890 pult
103 2837 140 2880 sa
156 2819 344 2879 exhercdntt
363 2817 421 2878 nisi
436 2833 565 2892 magnae
579 2824 610 2877 ct
624 2818 736 2879 multae
753 2817 881 2878 iniuriae
896 2818 1072 2894 patientiam

12 2903 65 2962 noll
101 2902 265 2976 evicerint,
288 2901 346 2963 nisi
362 2904 430 2978 plus
450 2901 596 2977 estquod
617 2903 702 2962 timet
722 2918 812 2978 quam
835 2903 918 2978 quod
939 2899 1070 2974 damnat,

11 2983 66 3051 mill
103 3002 164 3046 nou
180 2984 299 3046 aceedit
312 2986 351 3046 cd
372 2984 574 3046 decretorium
595 2986 705 3046 stilum.
743 2987 835 3047 multa
854 2993 923 3046 ante
936 2993 1071 3060 temptat,

18 3069 62 3146 toll
102 3070 217 3146 quibus
232 3069 355 3129 dubiam
369 3069 501 3130 indolem
517 3076 547 3129 et
560 3070 665 3144 peiore
679 3071 748 3130 loeo
763 3069 822 3128 iarn
839 3070 969 3144 positam
982 3085 1070 3128 revo-

11 3165 40 3216 uu
51 3141 66 3196 l
102 3159 164 3213 oet:
184 3152 275 3214 simul
295 3154 484 3228 deploratum
508 3159 569 3225 est,
588 3154 693 3213 ultima
716 3150 879 3227 experitur.
916 3167 1006 3213 nemo
1031 3152 1074 3214 ad

11 3233 65 3297 ,psal
104 3234 258 3311 supplicia
269 3237 420 3311 exigenda
431 3236 576 3312 pervenit,
592 3233 651 3296 nisi
664 3235 715 3312 qui
726 3236 860 3296 remedia
872 3235 1072 3312 consumpsit.

11 3315 65 3382 liulf
103 3320 170 3380 Hoc
192 3320 276 3393 quod
296 3319 431 3396 parenti,
453 3321 547 3381 ctiam
564 3319 693 3396 principi
715 3319 885 3380 laciendum
899 3327 960 3394 est,
982 3326 1103 3394 quemn

11 3399 65 3466 nt=l
102 3402 324 3478 adpellavimus
337 3403 456 3466 Patrem
465 3403 582 3464 Patriae
593 3421 653 3465 non
665 3403 839 3466 adulatione
852 3420 929 3463 vana
941 3401 1073 3464 adducti.

11 3475 61 3548 rell*
102 3493 205 3548 cetera
221 3485 301 3546 enim
319 3487 502 3562 cognomina
515 3485 623 3550 honori
639 3488 709 3548 dala
724 3493 809 3548 sunt=
830 3487 959 3562 Magnos
974 3493 1004 3546 et
1017 3486 1072 3546 Fe-

146 3590 247 3628 srnucn
260 3590 329 3629 rura.
344 3575 365 3630 1.
876 3577 909 3632 19
