2528 3906
202 272 264 338 114
374 275 407 332 L.
430 273 575 333 ANNAEI
598 270 773 332 SENECAE
796 273 896 334 ulan
919 273 970 331 Vl.

202 426 368 486 amiserunt
395 423 475 483 lilios
505 422 647 493 iuvenes,
674 429 801 497 utraque
829 439 885 498 spe
911 423 1002 483 lutnri
1029 423 1175 498 principis

203 516 299 570 certa:
324 505 448 567 Octavia
463 507 653 577 Marcellum,
676 505 723 564 cui
744 513 774 565 et
793 507 963 566 avunculus
981 514 1011 566 et
1028 522 1118 567 socer
1131 507 1174 564 in·
1235 545 1237 550 -

203 593 344 652 cumbere
360 598 517 664 coeperat,
540 589 568 648 in
587 605 676 663 quem
692 589 903 665 onuspmperii
919 590 1080 658 reclinare,
1100 591 1175 648 adu-

201 677 364 735 lescentem
381 674 480 732 animo
495 673 641 744 alacrem,
657 670 779 746 ingenio
794 679 963 747 potentem,
981 673 1035 732 sed
1053 673 1174 746 tragali-

200 759 270 820 tatis
296 757 560 830 continentiaeque
582 757 611 813 in
636 754 695 814 illis
717 762 768 815 aul
787 755 874 814 annis
898 762 950 815 aut
975 756 1086 830 opibus
1113 773 1174 815 non

200 840 392 901 mediocriter
409 838 613 909 admirandae,
630 838 792 912 patientem
805 839 950 910 laborum,
969 839 1175 913 voluptatibus

201 925 347 996 alienum,
370 929 647 997 quantumcumque
668 921 815 996 inponere
835 921 875 981 illi
892 923 1062 981 avunculus
1077 929 1122 994 et,
1143 929 1176 982 ut

200 1008 241 1066 ita
262 1007 374 1078 dicam,
397 1004 593 1064 inaedificare
615 1005 776 1076 voluisset,
799 1005 937 1064 laturum.
965 1005 1047 1064 bene
1060 1007 1176 1078 legerat

173 1090 273 1149 enulli
302 1105 430 1149 cessura
456 1088 583 1163 ponderi
616 1087 818 1147 fundamenta.
857 1088 976 1147 Nullum
1001 1089 1092 1148 linem
1119 1103 1176 1162 per
1252 1083 1253 1140 l

201 1189 291 1234 omne
315 1173 396 1232 vitae
421 1187 497 1232 suae
521 1176 642 1245 tempus
670 1170 764 1230 flendi
787 1170 990 1246 gemendique
1018 1171 1090 1230 iecit
1116 1187 1174 1231 nec
1252 1165 1253 1172 '

201 1257 278 1316 ullas
295 1255 416 1316 admisit
434 1270 529 1316 voces
552 1255 684 1314 salutare
706 1254 819 1327 aliquid
840 1254 1020 1328 adterentiS,
1041 1270 1079 1314 ne
1101 1271 1174 1314 avo-

201 1340 263 1399 cari
284 1340 406 1415 quidem
429 1355 463 1399 sc
484 1353 580 1414 passa
599 1345 661 1397 est:
683 1336 797 1398 intenta
817 1336 845 1396 in
868 1354 958 1396 unum
980 1353 1043 1396 rem
1065 1344 1095 1396 et
1109 1345 1174 1399 toto

201 1423 301 1484 animo
319 1423 421 1482 adlixa
436 1422 503 1481 talis
519 1437 575 1497 per
590 1437 709 1491 omnem
723 1419 812 1481 vitam
825 1421 886 1495 luit,
903 1421 1000 1496 qualis
1014 1421 1042 1480 in
1057 1423 1174 1481 lunare.

200 1523 261 1567 non
284 1506 353 1567 dico
375 1522 436 1566 non
458 1512 505 1564 est
530 1521 605 1564 ausa
627 1518 826 1578 consurgere,
852 1505 909 1564 sed
930 1505 1064 1564 adlevari
1085 1521 1173 1565 recu·

201 1605 291 1662 sans,
322 1589 489 1648 secundam
519 1586 676 1647 orbitatem
706 1584 844 1646 iudicans
874 1588 1013 1647 lacrimas
1046 1589 1173 1660 mittere,

201 1673 312 1731 nullam
328 1670 441 1730 babere
452 1670 612 1745 imaginem
627 1671 680 1730 filii
695 1669 843 1730 carissimi
858 1671 965 1744 voluit,
987 1672 1100 1731 nnllam
1115 1673 1174 1731 sibi

172 1753 240 1814 ede
255 1754 305 1815 illo
318 1753 383 1812 fleri
396 1755 587 1816 mentionem.
609 1753 721 1814 Oderat
733 1770 838 1813 omnes
851 1761 962 1815 matres
975 1762 1005 1815 et
1016 1754 1045 1813 in
1056 1753 1174 1814 Liviam

200 1838 331 1896 maxime
347 1838 477 1910 l‚nrebat
501 1839 606 1928 quia
593 1835 751 1898 videbatur
766 1838 804 1897 ad
820 1838 900 1898 illius
915 1839 1008 1897 filium
1024 1839 1175 1899 transisse

201 1920 259 1980 sibi
280 1922 432 1997 promissa
453 1922 589 1982 felicitas
598 1899 750 1981 tenebris
774 1927 804 1981 et
827 1921 982 1982 solitudini
1003 1920 1174 1983 familiaris

201 2005 292 2077 sima,
318 2021 356 2064 ne
376 2006 415 2064 ad
440 2005 560 2065 fratrem
583 2004 706 2078 quidem
728 2003 913 2080 respiciens,
941 2007 1074 2064 carmina
1095 2008 1175 2065 cele-

200 2087 337 2147 brandae
348 2087 482 2146 llllarcelli
497 2087 659 2148 memoriae
675 2089 835 2162 conposita
849 2089 989 2164 aliusque
1003 2087 1175 2152 studiorum
1254 2077 1255 2146 l

200 2169 335 2229 honores
356 2171 459 2229 reiecit
479 2178 509 2230 et
533 2186 622 2230 aures
648 2177 721 2230 snas
746 2172 895 2232 adversus
916 2188 1006 2232 omne
1032 2171 1174 2233 solatium
1254 2219 1255 2222 ,

202 2253 319 2312 clausit.
355 2269 374 2312 a
395 2254 590 2313 sollemnibus
612 2254 722 2315 officiis
743 2255 871 2316 seducta
891 2264 921 2316 et
941 2256 1039 2330 ipsam
1059 2257 1175 2330 magni-

200 2335 313 2395 tudinis
340 2337 490 2396 fraternae
511 2337 599 2397 nimis
619 2338 881 2400 circumlucentem
904 2341 1054 2400 fortunam
1077 2355 1175 2399 exosa

202 2418 318 2479 deludit
332 2435 366 2480 se
386 2427 416 2480 et
435 2419 557 2481 abdidit.
585 2420 793 2482 adsidentibus
809 2422 926 2494 liberis,
949 2421 1113 2497 nepotibus
1128 2424 1173 2480 lu·

202 2503 328 2577 gnbrem
351 2509 464 2564 vestem
481 2521 542 2564 non
558 2504 714 2579 deposuit,
737 2521 797 2566 non
820 2505 886 2566 sine
906 2504 1088 2566 contumelia
1110 2522 1173 2564 om·
1207 2560 1208 2564 ,

202 2585 284 2646 nium
301 2604 435 2659 suorum,
453 2587 563 2662 quibus
579 2588 673 2648 salvis
689 2587 764 2649 orba
778 2588 836 2648 sibi
851 2587 1020 2650 videbatur.

174 2679 189 2730 1
261 2671 310 2730 lll.
333 2671 419 2730 Livia
440 2672 582 2731 amiserat
601 2671 694 2732 filium
708 2671 855 2744 Drusum,
877 2688 1019 2748 magnum
1042 2672 1175 2732 luturum

202 2753 387 2828 principem,
410 2755 467 2814 iarn
484 2771 624 2829 magnum
640 2755 764 2814 ducem=
784 2755 948 2816 intraverat
962 2756 1083 2830 penitus
1100 2753 1174 2814 Ger·

201 2838 331 2896 maniam
351 2845 381 2896 et
408 2836 448 2896 ibi
476 2839 593 2913 signum
614 2838 742 2898 Romani
770 2840 914 2910 fixerunt,
940 2839 993 2899 ubi
1018 2839 1069 2898 vix
1091 2839 1175 2897 ullos

202 2935 273 2979 esse
283 2921 439 2980 Romanos
451 2929 554 2981 notum
567 2928 637 2981 erat.
660 2921 689 2980 in
702 2922 895 2996 expeditione
907 2923 1084 2984 decesserat
1095 2920 1175 2994 ipsis

202 3003 284 3062 illum
305 3001 444 3064 hostibus
466 3019 588 3078 aegrum
616 3019 683 3064 cum
707 3007 901 3066 veneratione
922 3013 952 3067 et
973 3020 1049 3081 pace
1070 3012 1178 3064 mutua

202 3087 457 3161 prosequentibus
473 3103 530 3147 nec
551 3092 657 3162 optare
678 3087 761 3163 quod
784 3089 967 3164 expediebat
980 3089 1176 3148 audentibus.

203 3170 369 3230 accedebat
383 3171 421 3230 ad
437 3170 514 3230 hanc
528 3178 670 3242 mortem,
693 3187 783 3246 quam
803 3171 853 3230 ille
869 3188 923 3247 pro
940 3173 1095 3248 republica
1110 3171 1177 3231 obi

203 3261 282 3322 erat,
318 3253 425 3326 ingens
451 3254 561 3314 civium
587 3253 872 3330 provinciarumque
898 3263 928 3315 et
952 3253 1178 3334 totiusltaliae

204 3335 403 3410 desiderium,
425 3353 481 3412 per
502 3353 592 3412 quarn
608 3336 715 3396 effusis
736 3337 765 3396 in
787 3338 920 3398 officium
938 3338 1065 3412 lugubre
1079 3339 1177 3396 muni-

205 3417 292 3494 cipiis
317 3415 508 3494 coloniisque
536 3435 636 3494 usque
661 3421 821 3480 inurbem
848 3421 972 3481 ductum
997 3427 1062 3480 erat
1085 3421 1178 3480 lunus

175 3502 354 3578 atriumpbo
367 3503 555 3563 simillimam.
571 3502 636 3562 Non
652 3503 777 3562 licuerat
789 3505 873 3563 matri
887 3505 989 3563 ultima
1004 3505 1055 3564 lilii
1069 3509 1177 3564 oscula
