2528 3906
123 237 227 296 DlAL.
247 237 299 295 lV.
318 238 355 295 V.
377 236 429 298 DE
445 237 515 296 IRA
530 237 603 297 LIB.
622 238 657 296 ΙΙ.
675 245 719 300 35.
736 246 781 300 36.
802 239 874 299 LlB.
889 241 937 301 111.
958 252 982 302 l.
1025 239 1067 306 79

83 387 147 449 deri
169 388 286 450 volunt.
308 387 407 460 Magis
429 387 502 446 illud
523 388 687 450 videndum
710 396 884 464 esl,ouam
900 393 1002 452 mullis
1020 394 1092 454 irai

84 488 138 546 per
153 487 190 532 se
207 471 355 532 nocuerit.
375 468 436 543 Alii
454 469 546 530 nimio
567 472 688 532 lervore
703 489 816 548 rupere
832 489 928 534 venas
945 483 976 536 el
994 493 1065 538 san·

81 556 204 629 guinem
232 570 328 630 supra
355 554 437 613 vires
464 555 564 616 elatus
590 555 705 616 olmnor
731 557 848 644 egessit
868 565 898 618 et
918 558 1066 621 lnmirnum

82 638 220 700 snbludii
242 637 340 700 abiem
361 636 391 696 in
415 639 523 700 oeulos
538 637 750 699 vehementius
767 639 875 702 humor
891 649 1016 716 egestus
1036 650 1066 704 el

81 722 110 780 in
128 723 257 782 morbos
275 719 358 794 aegri
374 721 521 782 recidere.
542 721 630 782 Nulla
647 723 775 784 celerior
792 723 832 784 od
849 724 997 786 insaniam
1016 729 1092 788 vias

81 813 137 866 esu
159 805 244 866 mulli
266 804 370 878 imque
391 804 644 866 continuaverunt
666 807 729 864 irae
746 806 878 868 lurorem
897 823 953 868 neo
972 826 1063 883 quam

81 890 263 962 expulerant
280 892 572 962 menlemuumquam
586 896 783 964 receperunle
801 889 926 950 Aiacem
941 889 971 950 in
984 909 1064 954 mor·

81 980 141 1031 tem
158 973 221 1046 egil
236 973 329 1044 furor,
344 970 373 1030 in
392 971 526 1032 iurarem
543 971 598 1030 ira.
621 980 749 1034 mortem
762 973 879 1046 liberis,
896 982 1064 1050 egestatem

82 1055 156 1128 sibi,
180 1054 298 1118 ruinam
322 1053 425 1116 domui
446 1055 656 1128 inpreeamum
672 1063 702 1115 et
716 1056 808 1116 irasci
825 1073 860 1116 se
874 1066 987 1133 negant
1002 1076 1064 1122 non

80 1139 181 1200 minus
198 1154 291 1213 quam
304 1137 438 1198 insanire
454 1137 570 1200 furiosi.
600 1137 793 1200 amicissimis
813 1139 919 1202 hostes
936 1143 1062 1202 vitandi·

81 1239 142 1297 que
162 1221 346 1294 carissimis,
366 1221 468 1296 legum
489 1221 548 1280 nisi
572 1239 633 1296 qua
656 1229 781 1291 nocent,
802 1222 1002 1298 inmemores,
1023 1227 1064 1286 ad

80 1307 204 1370 minima
218 1305 363 1378 mobiles,
383 1321 444 1364 non
466 1320 623 1376 sermone,
648 1321 709 1365 non
730 1303 833 1366 ollioio
851 1307 927 1368 adiri
948 1309 1063 1384 faciles,

81 1405 137 1464 per
156 1390 219 1450 vim
239 1388 341 1448 omnia
363 1396 486 1463 gerunt,
510 1389 621 1462 gladiis
641 1396 671 1448 el
691 1405 830 1464 pugnare
852 1391 950 1466 parali
969 1397 1000 1450 el
1018 1392 1063 1452 in·

82 1474 237 1534 eumbere.
264 1472 429 1532 Maximum
443 1473 523 1532 enim
538 1471 608 1532 illos
625 1473 739 1532 malum
753 1471 834 1548 senil
849 1481 880 1534 el
893 1474 995 1534 omnia
1010 1475 1091 1535 (εκ-6

14 1613 26 1630 „
81 1572 238 1631 superans
259 1554 340 1616 vium
374 1555 436 1616 alia
456 1555 600 1630 paulam
619 1556 746 1616 muana
766 1557 927 1630 repemina
946 1564 977 1618 el
997 1559 1063 1619 uni-

81 1640 240 1702 versaris
260 1639 350 1700 huius
372 1646 428 1700 est.
467 1639 565 1700 omnis
592 1639 725 1713 denique
746 1637 823 1700 alios
845 1639 984 1702 adlectus
1006 1641 1063 1702 sibi

81 1723 209 1784 subioit=
227 1737 361 1784 arnonem
377 1722 624 1784 ardentissimum
640 1723 739 1784 vineit.
766 1725 995 1786 uansloderunt
1008 1726 1063 1786 ila·

82 1823 143 1884 que
164 1814 265 1869 amma
281 1822 414 1882 corpora
427 1812 458 1866 et
477 1809 507 1866 in
524 1821 628 1866 eorum
651 1823 730 1882 quos
746 1807 923 1869 occiderant
941 1808 1063 1868 iacuere

82 1891 295 1966 conplexibus
317 1889 490 1962 avaritiam,
505 1890 699 1951 durissimum
717 1890 828 1950 malurn
846 1892 1063 1966 minimumque

81 1975 227 2047 flexibile,
243 1973 288 2033 ira
304 1973 435 2034 caleavit⁴
445 1974 554 2034 adsela
569 1989 645 2050 opes
661 1989 735 2034 suas
752 1983 944 2050 spargerem
960 1973 1062 2036 domni

81 2059 238 2131 rebusque
254 2058 285 2118 in
300 2072 395 2120 unum
409 2057 528 2120 rollolis
547 2055 661 2118 inicere
675 2059 784 2132 ignem.
806 2057 903 2134 quide
924 2075 985 2118 non
1000 2075 1062 2118 am-

82 2141 212 2204 biliosus
233 2157 344 2216 magno
371 2140 531 2202 aestimata
553 2141 681 2215 proiecit
700 2141 831 2216 insignia
853 2142 1063 2218 honoremque

84 2227 219 2288 delatum
241 2223 372 2301 repulili
399 2224 505 2284 Nullus
527 2225 666 2286 adlectus
687 2233 748 2300 esi,
768 2227 798 2285 in
826 2241 917 2301 quem
937 2241 998 2286 non
1019 2224 1064 2284 ira

82 2307 266 2370 dominetur.

465 2417 679 2428 ..ι-...-

379 2525 413 2610 l.
434 2523 574 2606 illim
594 2523 765 2607 SENECAE

188 2753 195 2759 .
240 2654 616 2752 nllnnuonnn
652 2654 824 2768 nrnun
862 2655 940 2788 v..

462 2845 507 2896 An
524 2845 684 2896 NOVATUM
708 2923 716 2934 ⁶
797 2895 799 2901 ,

442 2963 462 3026 n
498 2961 519 3030 E
581 2961 710 3028 llll

495 3077 645 3130 Lunam.

510 3209 629 3223 μαι-ιιι·-

143 3304 167 3367 1.
193 3303 300 3378 Quod
321 3304 481 3365 maxime
501 3301 760 3374 desiderasti,
779 3299 942 3374 Novate,
965 3305 1092 3360 nonsl

83 3383 834 3464 lacerevtemptabirnus,iramexcioere
850 3381 1067 3443 animisaut

83 3462 1065 3541 cerierefrenareelinnetuseiusinhibere.idali-
1135 3536 1137 3540 .
