2554 3888
194 209 257 271 206
397 208 429 266 L.
451 205 598 266 ANNAEI
620 205 795 266 SENECAE
816 207 917 268 DIAL.
928 206 964 268 X.

194 360 391 429 tutissimum,
416 357 500 432 quod
514 356 673 430 vigilantes
689 357 936 432 dormientesque
950 357 1058 418 eodem
1070 361 1169 434 gradu

195 443 340 512 tacimus,
362 441 521 515 occupatis
537 457 597 500 non
613 440 741 514 adparet
754 440 813 499 nisi
829 439 858 499 in
874 441 943 500 tine.

167 537 182 590 1
255 527 290 585 X.
314 525 421 599 Quod
444 524 634 598 proposui
652 523 685 582 si
706 524 741 581 in
765 531 897 597 partes
920 524 1032 582 velim
1052 532 1087 583 et
1108 541 1168 584 nr·

195 616 372 684 gumenta
393 608 597 678 diducere,
621 605 1078 681 multamihioccnrrent,
1103 624 1169 682 per

196 709 293 768 quae
316 692 473 766 probem
494 689 766 750 brevissimam
782 697 1167 764 csseoceupatorum

195 778 317 836 vitam.
354 775 480 835 Solebat
500 773 603 833 dicere
622 772 791 846 FabianuS,
813 789 874 832 non
889 789 928 835 ex
943 773 991 833 his
1007 774 1165 834 cathedra-

194 859 247 919 riis
261 857 467 934 philosophis,
483 857 538 916 sed
551 873 590 916 ex
602 857 682 916 veris
695 863 724 915 et
736 853 884 930 antiquis:
909 857 1019 918 Contra
1029 857 1167 930 adfectus

193 947 306 1018 inpetu,
327 959 387 1002 non
401 943 558 1001 subtilitate
566 942 780 1016 pugnandum,
795 957 850 1001 nec
863 941 981 1002 minutis
992 944 1166 1015 uolneribus,

193 1027 248 1087 sed
269 1029 391 1086 incursu
412 1025 602 1089 auertendam
621 1027 714 1084 actem
728 1041 786 1084 non
794 1026 938 1106 probam:
965 1028 1167 1086 copulatiores

194 1114 270 1172 enim
285 1111 427 1170 contundi
439 1110 558 1182 deboc,
578 1123 637 1168 non
651 1111 793 1170 vellicari.
833 1109 945 1170 Tamen
961 1115 993 1168 ut
1007 1108 1065 1168 ittis
1079 1124 1167 1170 error

196 1194 397 1269 exprobretur
409 1209 500 1266 suuS,
524 1191 671 1266 docendi,
692 1209 753 1251 non
765 1199 879 1252 tantum
891 1193 1072 1266 deplorandi
1085 1201 1165 1252 sunt.

166 1278 232 1342 uin
255 1278 332 1338 tria
352 1284 524 1352 tempora
542 1275 623 1336 vita
645 1275 852 1336 dividitur:
883 1275 967 1351 quod
985 1275 1056 1348 tuit,
1081 1275 1166 1351 quod

195 1370 255 1434 est,
279 1362 360 1436 quod
382 1363 513 1421 futurum
534 1367 589 1420 est.
626 1375 666 1418 ex
682 1359 729 1420 his
746 1360 830 1434 quod
844 1359 978 1433 agtnrus,
999 1359 1094 1419 breve
1108 1366 1167 1433 est,

195 1447 280 1520 quod
295 1445 390 1506 acturi
406 1461 528 1516 sumus,
551 1443 690 1512 dubium,
707 1443 791 1519 quod
806 1443 940 1519 egimus,
958 1451 1083 1504 certum.
1105 1443 1166 1503 hoc

195 1538 242 1589 est
260 1529 354 1601 enirn,
378 1527 408 1588 in
432 1527 516 1602 quod
537 1527 658 1586 fortuna
675 1528 722 1588 ius
738 1527 885 1602 perdidit,
909 1528 993 1602 quod
1006 1527 1036 1585 in
1051 1525 1165 1588 nullius

195 1612 350 1672 arbitrium
364 1611 469 1671 reduci
484 1617 594 1686 potest.
618 1610 677 1670 hoc
691 1610 829 1671 amittunt
843 1610 993 1686 occupati.
1015 1626 1073 1671 nec
1085 1612 1167 1670 enim

194 1697 252 1757 ittis
269 1703 358 1754 vacat
374 1695 540 1770 praeterita.
547 1695 716 1769 respicere,
737 1701 766 1756 et
780 1695 807 1754 si
819 1701 921 1768 vacet,
939 1695 1103 1756 iniucunda
1117 1700 1166 1755 est
1264 1699 1265 1708 ’

165 1793 183 1846 3
195 1780 397 1854 poenitendae
411 1779 454 1838 rei
468 1778 649 1838 recordatio.
672 1778 755 1838 inviti
770 1777 873 1852 itaque
885 1778 924 1837 ad
936 1785 1074 1852 tempore
1086 1781 1165 1838 mate

195 1871 302 1923 exacta
317 1863 447 1924 animum
462 1869 608 1923 revocant
622 1877 679 1921 nec
695 1861 858 1922 audentea
872 1869 1068 1936 retemptare,
1088 1879 1165 1938 quo-

194 1962 260 2006 rum
282 1947 368 2020 vitia,
391 1949 478 2006 etiam
496 1959 575 2022 quac
595 1946 698 2021 atiquo
715 1947 884 2020 praesentis
899 1945 1064 2020 voluptatis
1080 1947 1164 2005 teno-

196 2031 275 2090 cinio
292 2029 553 2114 subripiebantur,
568 2029 761 2089 retractando
776 2036 947 2104 patescunt
977 2029 1089 2103 Nemo,
1105 2029 1165 2088 nisi

194 2131 214 2174 c
230 2131 291 2188 quo
307 2115 407 2174 omnia
422 2121 490 2174 acta
505 2119 577 2174 sunt
591 2114 649 2173 sub
663 2129 794 2174 censura
808 2129 880 2184 sua,
904 2129 984 2188 quae
999 2128 1166 2189 numquam
1263 2175 1264 2178 ,

166 2197 319 2270 ttattitur,
348 2196 476 2256 libenter
501 2213 535 2257 se
559 2197 589 2254 in
617 2198 811 2272 praeteritum
834 2203 998 2272 retorquet.
1038 2197 1091 2256 lile
1112 2197 1166 2271 qui
1263 2229 1264 2237 κ

195 2282 288 2340 multa
301 2279 461 2341 ambitiose
476 2279 646 2354 concupiit,
665 2282 801 2356 superbe
813 2281 1009 2356 contempsit,
1024 2280 1165 2355 inpoten-

194 2371 240 2424 ter
254 2365 339 2436 vicit,
354 2364 503 2425 insidiose
518 2365 653 2439 decepit,
670 2380 761 2424 avare
775 2365 889 2440 rapuit,
907 2365 1036 2439 prodige
1047 2363 1165 2438 effudit,

194 2463 324 2508 necesse
339 2456 386 2509 est
406 2448 581 2509 memoriam
596 2464 683 2508 suam
696 2449 813 2508 timeat:
835 2451 919 2524 atqui
936 2449 1012 2508 haec
1028 2455 1076 2508 est
1090 2463 1165 2523 pars
1262 2481 1263 2504 t

193 2531 340 2608 temporis
355 2533 451 2594 nostri
466 2548 555 2594 secra
571 2547 607 2592 ac
622 2532 777 2606 dedicata,
794 2532 892 2593 omnis
906 2533 1056 2604 humanos
1072 2547 1166 2592 casus
1262 2529 1263 2571 i

195 2632 412 2691 supergressa,
429 2623 516 2676 extra
528 2631 654 2691 regnum
667 2616 805 2676 fortunae
816 2614 982 2695 subducta,
999 2632 1090 2690 quam
1102 2631 1166 2676 non

194 2701 314 2774 inopia,
343 2718 406 2762 non
431 2707 547 2774 metus,
578 2717 639 2760 non
658 2699 833 2760 morborum
859 2700 1001 2760 incursus
1022 2699 1165 2773 exagitet.

194 2783 271 2842 hacc
286 2799 342 2842 nec
357 2785 470 2845 turbari
486 2799 543 2843 nec
558 2783 634 2859 eripi
648 2790 763 2858 potest:
787 2790 935 2858 perpetua
949 2784 1016 2844 eius
1030 2790 1061 2842 et
1073 2783 1166 2843 intre-

193 2867 267 2941 pida
287 2867 448 2942 possessio
469 2874 525 2928 est
561 2867 671 2942 singuli
690 2873 805 2927 tantum
825 2868 908 2940 dies,
930 2867 1009 2926 ethi
1030 2881 1086 2942 per
1100 2881 1165 2925 mo-

193 2957 309 3026 menta,
340 2959 518 3026 praesentes
543 2959 628 3011 sunt:
657 2959 688 3010 et
712 2951 864 3025 praeteriti
884 2950 1031 3024 temporis
1047 2965 1165 3021 omnes,

195 3050 261 3093 cum
280 3034 448 3109 iusseritis,
468 3035 611 3106 aderunt,
635 3035 675 3094 ad
688 3035 842 3095 arbitrium
856 3041 939 3095 tuum
955 3033 1064 3108 inspici
1079 3049 1116 3092 se
1128 3047 1167 3092 ac

167 3118 320 3188 sdetineri
338 3120 502 3192 patientur,
523 3119 606 3193 quod
622 3119 723 3177 tacere
738 3119 896 3192 occupatis
908 3133 969 3178 non
983 3123 1080 3176 vacat.
1111 3115 1166 3176 Se

195 3215 285 3258 curae
297 3207 327 3264 ct
339 3201 457 3275 quietae
469 3201 577 3261 mentis
590 3208 638 3261 est
648 3201 677 3259 in
691 3211 797 3262 omncs
807 3201 888 3262 vitae
900 3217 977 3262 suae
988 3205 1092 3276 partes
1101 3200 1165 3260 dis·
1260 3231 1261 3237 κ

195 3297 333 3340 currere:
362 3292 580 3358 occupatorum
602 3285 708 3357 animi,
734 3285 818 3345 velut
827 3286 897 3360 ‚sub
920 3285 993 3359 iugo
1013 3284 1087 3358 sint,
1110 3282 1166 3342 tie-

194 3371 276 3424 ctere
291 3379 327 3423 se
340 3379 377 3424 ac
390 3367 547 3440 respicere
560 3385 620 3428 non
638 3375 778 3442 possunt.
801 3369 863 3428 abit
876 3369 967 3443 igitur
980 3367 1043 3428 vita
1057 3381 1167 3427 eorum

194 3449 223 3506 in
241 3447 428 3523 protundum
442 3457 472 3508 et
492 3456 525 3508 ut
539 3450 611 3510 nihii
626 3451 767 3525 prodest,
787 3449 859 3511 licet
874 3457 1020 3527 quantum
1034 3449 1108 3510 tibet
1121 3449 1163 3510 in·
