2554 3888
121 267 177 326 ΑΙ)
189 261 388 324 POLYBIUM
398 261 449 323 DE
461 260 761 324 CONSOLATIONE.
773 271 893 326 16-18.
902 269 969 336 [bl]
991 261 1053 324 235

78 416 217 490 gaudere
242 409 449 488 principaliter
470 419 594 486 posset,
621 420 819 488 conspectum
845 415 1053 476 conuersatio-

78 513 212 573 nemque
229 497 340 556 civium
362 511 488 556 suorum
502 495 650 571 profugit,
671 497 827 570 exsequiis
843 497 960 557 sororis
975 511 1052 558 suae

78 599 141 642 non
162 579 311 654 interfuit,
333 579 415 641 iusta
435 577 534 640 sorori
555 595 615 638 non
630 579 793 654 praestitit,
815 581 871 640 sed
885 581 915 640 in
929 581 1050 642 Albano

77 681 138 726 suo
159 662 287 725 tesseris
303 679 340 723 uc
355 663 422 723 foro
439 668 469 722 et
487 663 674 738 pervolputis
688 645 862 723 huiusmodi
877 663 943 724 aliis
959 679 1050 725 occu·

77 747 256 824 petionibus
279 745 468 806 acerbissimi
483 746 598 808 funerIs
611 746 750 806 elevabat
764 748 851 806 mala
877 747 935 808 Pro
951 748 1052 827 pudor

78 831 221 908 imperii!
236 827 384 906 principis
398 829 527 890 Romani
538 829 668 904 lugentis
682 845 818 890 sororem
832 832 899 890 alea
910 831 1051 892 solatium

79 917 144 976 fuit.
180 915 264 976 Idem
283 911 335 973 ifle
356 913 445 974 Caius
467 913 583 974 furiosa
602 912 804 974 inconstantia
818 913 910 976 modo
924 915 1078 975 barbamt

80 999 287 1074 capillumque
313 996 508 1070 submittens,
537 998 628 1057 modo
654 998 757 1057 Italiae
777 1013 814 1057 ac
837 997 958 1058 SIclliae
979 1014 1050 1058 oras

79 1081 272 1142 errabundus
291 1081 476 1155 permetiens
497 1089 527 1150 et
542 1097 706 1155 numquam
722 1081 797 1140 satis
807 1089 928 1155 certus,
952 1089 1065 1142 utrum

78 1165 177 1240 lugeri
190 1165 283 1224 vellet
296 1180 334 1223 an
350 1163 409 1224 coli
423 1180 575 1238 sororem,
592 1165 700 1224 eodem
716 1165 965 1242 omnitempore,
988 1183 1049 1241 quo

78 1251 194 1324 templa
217 1249 257 1308 illi
283 1247 487 1308 constituebat
511 1263 548 1306 ac
570 1248 757 1324 pulvinata,
786 1263 841 1310 eos
867 1247 919 1322 qui
943 1265 1051 1324 parum

79 1331 190 1394 moesti
211 1332 345 1404 fuerant,
367 1331 578 1392 crudelissima
599 1331 761 1392 adficiebat
775 1331 1049 1392 nnImadversione.

78 1417 189 1476 eadem
210 1415 289 1474 enim
311 1415 488 1491 intemperie
508 1414 599 1475 animi
625 1415 823 1476 adversarum
847 1431 948 1476 rerum
971 1417 1050 1478 ictus

79 1500 212 1574 ferebat,
235 1516 296 1576 qua
316 1499 519 1560 secundarum
541 1501 764 1577 elatuseventu
779 1516 873 1576 super
886 1500 1050 1560 humanum

79 1584 302 1645 intumescebat
321 1585 454 1645 modum.
488 1583 598 1644 Procul
620 1582 701 1644 istud
720 1585 893 1658 exemplum
916 1585 954 1644 ab
970 1584 1079 1646 omnib

79 1667 219 1728 Romano
241 1667 281 1728 sit
300 1668 381 1741 viro,
404 1671 516 1729 luctum
536 1684 625 1729 suum
640 1676 692 1728 aut
705 1667 925 1743 intempestivis
936 1667 1051 1742 sopore

79 1751 199 1812 lusibus
219 1760 272 1812 aut
292 1751 429 1828 sordium
449 1769 486 1812 ac
507 1751 660 1828 squaloris
683 1751 826 1812 foeditate
851 1751 974 1812 inritare
999 1759 1051 1814 aut

80 1833 188 1895 alienis
202 1837 289 1896 malis
304 1837 458 1896 oblectare
472 1837 594 1896 minime
607 1836 740 1896 humano
755 1835 874 1896 solatio.

142 1919 250 1980 XVIII.
273 1919 336 1980 Tibi
353 1935 425 1981 vero
441 1919 514 1980 nihil
528 1936 567 1979 ex
582 1919 804 1980 consuetudine
815 1919 990 1978 mutandum
1003 1927 1077 1980 estl

79 2014 146 2078 tun,
169 2002 311 2080 quoniam
334 2003 457 2078 quidem
478 2019 516 2064 ea
535 2002 689 2063 instituIsti
711 2019 813 2062 amare
834 2002 948 2076 studia
971 2017 1051 2078 quae

79 2088 195 2167 optime
216 2096 246 2149 et
265 2087 436 2148 felicitatem
457 2089 606 2148 extollunt
619 2093 650 2147 et
665 2086 806 2146 facillime
820 2087 956 2146 minuunt
970 2086 1051 2145 caln-

78 2173 212 2232 mitatem
224 2171 395 2246 eademque
405 2179 434 2230 et
446 2179 621 2232 ornamenta
632 2171 764 2230 maxima
775 2170 930 2231 hominum
943 2175 1052 2229 suntet

79 2257 198 2318 solatia.
228 2259 295 2328 [ιι]
312 2257 415 2315 Nunc
430 2257 562 2330 itaque
576 2262 612 2315 te
629 2253 773 2314 studiis
787 2254 864 2314 tuis
880 2254 1051 2326 inmerga

79 2341 224 2413 acrius,
247 2355 328 2399 nunc
347 2340 398 2398 illa
418 2339 470 2398 tibi
484 2341 567 2400 velut
582 2339 766 2399 munimenta
780 2338 871 2398 animi
886 2336 1050 2410 circumda,

79 2440 118 2484 ne
133 2439 174 2482 ex
188 2423 250 2482 ulla
263 2425 306 2484 tui
318 2429 403 2498 parte
415 2423 548 2484 inveniat
558 2423 710 2482 introitum
721 2423 819 2482 dolor.
851 2419 965 2481 FratrIs
976 2428 1080 2494 quo-2

80 2523 141 2582 quc
155 2507 199 2567 tui
215 2508 333 2581 produc
350 2507 525 2566 memoriam
540 2506 642 2580 aliquo
657 2504 841 2580 scriptorum
855 2509 1050 2564 monumento

78 2598 211 2651 tuorum.
243 2591 304 2651 hoo
322 2590 402 2650 enim
421 2606 514 2651 unum
533 2597 582 2650 est
600 2589 694 2649 rebus¹
713 2587 854 2649 Immanis
876 2603 972 2662 opus,
1002 2585 1051 2646 cui

78 2675 163 2734 nulla
182 2681 350 2750 tempestas
374 2681 499 2747 noceat,
526 2673 609 2749 quod
630 2673 712 2732 nulla
727 2669 887 2733 consumat
901 2675 1049 2729 vetustas.
1116 2699 1117 2702 π

78 2765 181 2817 cetera
202 2775 282 2832 quae
300 2773 357 2833 per
376 2757 633 2818 constructionem
653 2755 788 2830 lapidum
809 2761 839 2814 et
862 2767 1050 2814 marmoreas

77 2842 176 2902 moles
196 2849 248 2902 aut
266 2849 405 2901 terrenos
428 2841 561 2901 tumulos
576 2841 606 2899 in
621 2855 760 2914 magnam
776 2839 904 2898 eductos
919 2835 1051 2896 altitudi-

77 2941 147 2984 nem
169 2931 325 2999 constant,
354 2940 415 2984 non
437 2932 609 3000 propagant
628 2925 750 2999 longam
770 2921 850 2982 diem
873 2920 1001 2995 [quippe
1021 2926 1052 2979 et

77 3009 147 3082 ipsa
168 3007 345 3080 intereunt]-
373 3007 541 3068 inmortalis
556 3016 604 3068 est
616 3006 729 3082 ingenii
743 3005 898 3066 memoria
925 3003 1005 3062 hanc
1020 3010 1051 3062 tu

77 3091 163 3152 fratri
175 3099 229 3152 tuo
239 3091 410 3168 largIre,1n
424 3091 482 3152 hac
493 3107 562 3150 eum
576 3093 713 3152 conloca
740 3089 847 3150 melius
863 3089 946 3148 illum
960 3087 1050 3146 dura-

76 3183 145 3235 turo
169 3191 292 3266 semper
312 3173 539 3238 consecrabis
531 3175 652 3251 ingenio
668 3189 758 3249 quam
779 3170 869 3233 inrito
884 3172 990 3231 dolore
1005 3171 1073 3230 lu·

76 3241 189 3331 getas.
212 3259 301 3334 Quod
323 3259 391 3320 ad
382 3275 482 3336 ipsam
503 3259 654 3320 fortunam
671 3257 814 3332 pertinet,
837 3255 955 3315 etiamsi
970 3258 1081 3314 nuncb

77 3343 127 3414 agi
143 3342 227 3418 apud
241 3350 271 3403 te
286 3357 382 3404 causa
395 3343 462 3404 eius
477 3359 539 3403 non
550 3348 667 3418 potest,
683 3339 785 3401 omnia
795 3338 876 3398 enim
887 3339 952 3412 illa,
968 3351 1049 3414 quae

7 3457 8 3462 κ
60 3425 167 3485 -nobis
176 3425 283 3500 dedit,
305 3427 346 3486 ob
360 3426 442 3488 hoc
434 3443 550 3502 ipsum,
573 3425 658 3500 quod
672 3423 787 3498 aliquid
803 3422 928 3498 eripuit,
950 3423 1050 3480 invisa

7 3517 8 3520 ’
76 3515 164 3568 sunt:
191 3516 265 3570 tunc
284 3516 385 3572 tamen
408 3509 465 3571 erit
485 3510 618 3588 agenda,
644 3523 711 3568 cum
729 3507 857 3581 primum
871 3503 1049 3580 aequiorem
