2522 3906
199 228 240 289 30
283 227 385 288 ulna.
404 227 440 285 ll.
468 226 523 286 AD
538 215 723 286 SERENUM
737 223 811 283 Nnc
825 225 1005 286 INIURIAM
1018 225 1092 286 NEC

200 395 301 440 emere
317 376 445 437 venalia.
458 376 522 450 ¹llle
533 374 636 449 pusilli
649 374 741 434 animi
755 381 809 445 est,
830 376 880 449 qui
896 376 953 436 sibi
969 379 1077 452 placet,
1094 379 1184 452 quod

200 463 325 525 ostiario
342 461 436 520 libere
450 459 624 534 respondit,
651 458 734 533 quod
748 459 865 534 virgam
880 461 946 519 eius
961 461 1077 535 fregit,
1095 462 1184 536 quod

200 549 240 608 ad
254 547 409 607 dominum
423 543 556 604 accessit
577 549 606 601 et
626 541 712 616 petiit
732 543 857 603 corium.
893 544 964 603 lacit
983 560 1019 604 se
1034 546 1184 604 adversa-
1250 609 1251 622 ,

171 631 276 692 arium
293 629 344 705 qui
358 627 522 700 contendit,
539 634 568 685 et
581 633 615 684 ut
629 626 738 700 vincat,
755 643 810 702 par
825 626 887 686 luit.
911 629 971 700 „At
985 629 1111 703 sapiens
1127 644 1183 688 co·
1250 631 1251 666 ³

200 715 300 789 laphis
325 727 493 788 percussus
515 709 588 784 quid
610 709 745 768 laciett“
775 711 857 785 quod
875 711 962 784 Cato,
990 728 1058 771 curn
1079 713 1121 770 illi
1144 729 1184 772 os

200 812 382 874 percussum
399 800 497 855 esset.
512 809 573 852 non
589 793 761 867 excanduit,
777 810 839 854 non
852 795 1040 876 vindicavit
1032 795 1184 869 iniuriam,

199 898 239 942 ne
252 880 368 940 remisit
382 879 513 954 quidem,
530 877 586 936 sed
601 879 711 936 laetam
727 879 862 952 negavit=
877 870 991 938 maiore
1003 877 1103 938 animo
1118 895 1185 939 non

171 965 327 1039 tagnovit
347 979 438 1037 quam
459 959 638 1035 ignovisset.
679 961 745 1021 Non
759 962 846 1020 diu'
839 978 869 1020 ιιι
890 961 949 1022 hoo
969 962 1184 1022 haerebimus·

202 1048 270 1124 quis
285 1045 365 1106 enirn
381 1046 479 1106 nescit
492 1045 565 1104 nihil
581 1061 620 1104 ex
639 1044 703 1118 his,
729 1061 810 1119 quae
835 1045 1000 1106 creduntur
1025 1046 1105 1104 mala
1130 1053 1184 1106 ant
1251 1089 1252 1114 ι

143 1177 146 1182 -
199 1131 291 1202 bona,
307 1131 348 1189 ita
361 1128 460 1190 videri
477 1127 608 1204 sapienti
623 1129 835 1189 ut'omnibust
869 1145 931 1189 non
946 1129 1087 1205 respicit,
1105 1131 1185 1204 quid
1251 1119 1252 1190 ἶ

199 1215 339 1274 homines
354 1222 442 1288 turpe
457 1211 590 1272 iudicent
603 1217 656 1272 aut
669 1213 823 1272 miserum.
845 1228 907 1272 non
922 1213 945 1273 it
960 1229 1022 1289 qua
1036 1213 1184 1288 populus,
1251 1209 1252 1212 ’

201 1299 258 1359 sed
273 1306 305 1360 ut
320 1298 422 1358 sidera
436 1295 619 1357 eontrarium
633 1297 747 1356 mundo
759 1297 816 1356 iter
827 1297 994 1371 intendunt,
1006 1296 1047 1356 ita
1062 1297 1112 1356 bic
1127 1298 1181 1356 ad-

199 1398 310 1442 versus
326 1381 500 1456 opinionem
516 1381 650 1440 omnium
666 1379 757 1441 vadit.

173 1479 188 1532 1
261 1465 327 1526 XV.
360 1463 496 1526 Desinite
521 1464 626 1538 itaque
644 1464 761 1523 dicere=
786 1463 873 1538 „Non
894 1465 1024 1539 accipiet
1042 1480 1115 1538 ergo
1132 1479 1183 1524 sa-

201 1551 290 1626 piens
305 1549 459 1621 iniuriam,
489 1547 516 1606 si
532 1548 689 1618 caedetur,
719 1547 745 1606 si
766 1548 874 1607 oculus
889 1546 932 1607 illi
947 1555 1090 1608 eruetur?
1118 1565 1183 1608 non
1252 1605 1253 1608 ,

201 1633 330 1707 accipiet
349 1631 578 1704 contumeliam,
607 1631 633 1689 si
654 1631 878 1690 obscoenorum
898 1632 1027 1692 vocibus
1042 1631 1184 1707 inprobis
1252 1627 1253 1656 ³

200 1733 257 1793 per
279 1717 376 1775 lorum
399 1720 524 1788 agetur?
559 1715 585 1774 si
605 1715 634 1772 in
657 1712 799 1775 convivio
813 1717 895 1790 regis
910 1717 1089 1776 recumbere
1103 1717 1184 1776 inire

200 1816 339 1860 mensam
354 1799 502 1872 vescique
518 1812 585 1858 cum
603 1797 703 1858 servis
718 1798 923 1872 ignominiosa
943 1800 1046 1860 cilicia
1065 1801 1184 1860 sortitis

201 1883 375 1947 iubebiturt
406 1881 434 1942 si
450 1881 524 1956 quid
540 1881 621 1941 aliud
637 1883 716 1940 ferre
731 1890 857 1957 cogetur
872 1899 978 1945 eorum
994 1900 1073 1959 quae
1088 1899 1185 1944 exeo-

159 1967 289 2044 -2gitari
310 1967 421 2041 pudori
444 1966 576 2040 ingenuo
598 1967 727 2025 molesta
748 1973 925 2041 possuntt“
968 1968 1000 2026 In
1023 1961 1182 2042 quantum-

203 2067 335 2125 cumque
349 2052 408 2110 ista
423 2051 472 2108 vel
487 2065 615 2109 numero
630 2051 679 2108 vel
695 2051 901 2124 magnitudine
916 2051 1079 2124 creverint,
1102 2053 1182 2112 eius·
1253 2077 1254 2082 ¹

203 2137 273 2195 dem
289 2141 416 2194 naturae
429 2139 534 2192 erunt:
546 2133 587 2192 ·si
602 2149 663 2194 non
678 2141 803 2208 tangent
816 2135 899 2194 illum
920 2151 1032 2210 parva,
1059 2151 1097 2194 ne
1117 2151 1185 2195 ma-

202 2221 268 2279 iora
291 2217 423 2292 quidem.
459 2217 486 2278 si
506 2233 567 2277 non
590 2223 714 2292 tangent
734 2235 849 2293 pauca,
878 2235 918 2278 ne
938 2220 1027 2294 plura
1048 2219 1185 2296 quidem.

203 2303 259 2362 sed
285 2319 324 2361 ex
349 2298 544 2360 inbecillitate
570 2310 672 2362 vestra
698 2303 903 2362 coniecturam
928 2302 1036 2378 capitis
1052 2305 1186 2378 ingentis

203 2386 303 2460 animi,
319 2393 350 2447 et
364 2401 431 2445 cum
448 2383 619 2459 cogitastis,
638 2394 784 2460 quantum
799 2389 912 2462 putetis
926 2404 984 2447 vos
999 2387 1062 2462 pati
1077 2403 1185 2463 posse,

203 2469 351 2552 sapientis
377 2465 540 2544 patientiae
566 2471 656 2544 paulo
678 2471 883 2531 ulterioremt
871 2471 1033 2532 terminum
1053 2471 1185 2546 ponitis·

203 2546 362 2616 atilium
355 2571 384 2612 ιιι
407 2553 473 2614 aliis
494 2554 598 2612 mundi
618 2554 730 2614 linibus
753 2571 809 2614 sua
823 2546 919 2616 virtus
936 2556 1097 2616 collocavit
1110 2555 1187 2614 nihil

174 2639 362 2705 avobiscum
379 2654 539 2698 commune
554 2637 725 2697 habentem.
759 2638 858 2712 Quare
873 2647 903 2699 et
918 2655 1030 2714 aspera
1045 2647 1074 2699 et
1089 2655 1187 2714 quae-

203 2739 336 2798 cumque
353 2724 488 2801 ,toleratu
509 2722 614 2796 gravia
635 2729 706 2781 sunt
720 2722 887 2798 audituque
902 2730 933 2782 et
946 2724 1015 2782 visu
1029 2724 1185 2798 refugien-

202 2807 251 2876 da,
265 2839 308 2852 -
322 2823 383 2865 non
400 2807 545 2866 obruetur
561 2820 666 2865 eorum
681 2813 770 2866 coctu
785 2813 815 2866 et
830 2808 929 2882 qualis
945 2805 1090 2882 singulis,
1113 2807 1185 2866 talis

202 2891 354 2952 universis
368 2890 506 2951 obsistet.
537 2890 588 2964 qui
604 2890 678 2950 dicit
691 2889 765 2950 illud
780 2892 938 2951 tolerabile
952 2891 1092 2966 sapienti,
1107 2889 1186 2950 illud

202 2974 407 3047 intolerabile,
430 2981 460 3032 et
476 2973 566 3034 animi
581 2973 819 3048 magnitudinem
833 2975 912 3035 intra
928 2983 1029 3036 certos
1045 2975 1123 3034 lines
1139 2982 1185 3033 te-

174 3066 262 3133 tnet,
279 3061 357 3118 male
373 3059 448 3131 agit=
470 3057 562 3118 vincit
576 3075 634 3118 nos
651 3059 787 3134 fortuna,
809 3060 867 3118 nisi
888 3067 949 3120 lota
973 3058 1110 3134 vincitur.
1139 3057 1186 3116 Ne

201 3151 290 3218 putes
306 3143 394 3201 islam
412 3140 544 3201 Stoicam
560 3157 632 3201 esse
648 3142 801 3214 duritiam,
821 3142 989 3218 Epicurus,
1013 3159 1103 3219 quem
1125 3158 1186 3201 vos

202 3233 364 3301 patronum
379 3227 504 3284 inertiae
518 3233 639 3286 vestrae
653 3227 812 3287 adsumitis
828 3229 1004 3303 putatisque
1022 3227 1127 3286 mollia
1147 3242 1187 3285 ac

202 3308 361 3370 desidiosa
369 3310 549 3384 praecipere
562 3317 592 3370 et
606 3311 643 3368 ad
653 3311 826 3386 voluptates
834 3311 991 3372 ducentia:
1007 3326 1114 3384 „raro
1123 3355 1130 3382 ,
1140 3311 1187 3368 in-

203 3393 1188 3470 qult‚lortunasapientiintervenit.“quampaeneemi-

202 3475 242 3539 ait
248 3476 304 3538 viri
310 3486 432 3538 vocem!
452 3477 509 3540 Vis
523 3485 556 3538 tu
565 3479 672 3539 lortius
685 3478 769 3554 loqui
786 3485 816 3538 et
828 3478 910 3538 illam
925 3495 965 3537 ex
979 3485 1043 3539 toto
1059 3478 1187 3538 submo-
