2528 3906
194 250 235 312 sa
486 247 519 306 u.
541 207 689 306 nunant
708 243 883 306 sannone

196 402 287 462 tiente
302 407 333 460 et
346 399 386 458 ab
403 398 483 460 omni
498 395 620 456 bomine
644 411 733 472 quem
755 397 859 471 aliqua
878 411 929 456 res
950 396 1018 458 urit.
1045 413 1117 457 nam
1140 406 1172 459 ut

196 487 301 544 ulcera
321 483 366 544 ad
381 483 479 542 levem
500 487 627 553 tactum,
656 479 767 540 deinde
787 479 878 540 etiam
899 479 938 540 ad
961 479 1172 556 suspicionem

196 573 295 628 tactus
312 565 546 636 condolescunt,
568 564 610 624 itu
623 563 743 623 animus
759 563 898 624 adiectus
919 563 1050 624 minimis
1072 564 1172 626 offen·
1257 575 1258 604 ³

196 651 282 722 ditur,
299 650 378 710 adeo
398 655 432 710 ut
446 647 597 724 quosdam
616 647 756 708 salutatio
778 653 808 706 et
822 645 954 722 epistula
973 654 1004 708 et
1023 649 1120 709 oratio
1142 659 1173 710 et
1257 687 1258 690 κ

196 732 391 808 interrogatio
409 731 441 792 in
455 731 537 792 litem
553 737 690 790 evocent.

166 833 176 881 1
250 817 287 878 X.
302 809 547 892 Numquamsine
556 813 681 889 querela
695 829 789 889 aegra
799 821 971 888 tanguntur.
987 815 1172 890 optimum

195 897 633 974 estitaqueadpri‘mum
647 897 1171 961 maiisens'ummederisibi.

194 992 257 1044 tum
271 982 374 1043 verbis
396 997 521 1059 quoque
542 979 608 1042 suis
632 979 789 1042 minimum
810 979 956 1042 libertatis
977 981 1051 1040 dare
1072 989 1103 1043 et
1125 983 1171 1042 in-

164 1065 299 1130 ahibere
325 1066 470 1142 inpetum.
513 1065 614 1126 Facite
638 1073 686 1126 est
705 1071 804 1125 autern
828 1063 967 1125 adtectus
989 1080 1074 1138 suos,
1099 1082 1170 1126 cum

197 1149 324 1224 primum
345 1151 497 1224 oriuntur,
519 1147 766 1224 deprehendere:
788 1147 963 1208 morborum
978 1147 1065 1223 signa
1081 1165 1170 1223 prae·

196 1240 328 1294 currunt
358 1233 619 1310 quemadmodum
628 1230 819 1308 tempestatis
840 1245 877 1292 ac
897 1230 1020 1307 pluviae
1035 1241 1105 1292 ante
1121 1234 1164 1309 ip-

196 1333 249 1377 sas
272 1325 363 1378 notae
376 1317 515 1390 veniunt,
537 1317 579 1377 itu
593 1317 665 1389 irae,
688 1315 801 1377 amoris
824 1315 1020 1390 omniumque
1039 1315 1168 1376 istarum

176 1467 179 1474 ,
195 1402 397 1475 procellarum
407 1401 526 1462 animos
538 1395 714 1461 vexantium
728 1405 799 1460 sunt
813 1399 964 1474 quaedam
978 1400 1170 1474 praenuntia.

163 1484 251 1557 boui
266 1483 409 1545 comitiali
423 1483 496 1544 vitio
512 1485 613 1544 soient
627 1483 754 1558 corripi,
770 1484 830 1542 ianr
846 1483 1011 1543 adventare
1028 1483 1169 1544 valitudi-

195 1584 264 1626 nem
279 1567 465 1643 inteilegunt,
487 1568 516 1626 si
531 1567 616 1627 calor
629 1583 748 1628 surnma
762 1567 897 1626 deseruit
917 1574 947 1627 et
961 1565 1108 1627 incertum
1123 1571 1169 1628 tu-

194 1665 262 1710 men
277 1665 504 1726 nervorumque
526 1649 687 1725 trepidatio
703 1655 764 1723 est,
788 1648 816 1710 si
835 1651 981 1711 memoria
998 1649 1172 1711 sublabitur

194 1740 347 1808 caputque
370 1740 520 1798 versatur.
557 1733 655 1794 solitis
675 1734 778 1808 itaque
800 1733 944 1794 remediis
971 1731 1169 1809 incipientem

194 1831 318 1876 oausam
340 1818 542 1892 occupantet
562 1817 659 1879 odore
678 1825 831 1893 gustuque
851 1814 1000 1892 quicquid
1020 1821 1170 1892 estquod

193 1901 303 1960 atienat
317 1899 451 1976 animos,
464 1901 633 1976 repellitur=
655 1909 708 1962 aut
724 1899 865 1961 fomentis
887 1909 994 1962 contra
1012 1901 1108 1975 frigus
1129 1903 1170 1960 ri-

192 1999 359 2060 goremque
373 1993 541 2060 pugnatur,
556 1992 609 2044 aut
623 1984 651 2046 si
668 1987 774 2060 parum
791 1983 941 2044 medicina
957 1985 1098 2058 proiecit,
1122 1985 1171 2043 vi-

159 2066 177 2118 4
192 2067 461 2128 tavernut'turbam
471 2074 502 2127 et
513 2068 579 2128 sine
594 2075 671 2128 teste
683 2068 866 2128 ceciderunt
888 2067 1018 2128 Prodest
1028 2067 1171 2129 morbum

192 2165 280 2209 suum
295 2166 390 2211 nosse
402 2157 433 2211 et
446 2150 528 2210 vires
539 2151 776 2227 eiusantequam
787 2149 964 2227 spatientur,
982 2151 1170 2227 opprimere.
1257 2187 1258 2228 3

193 2233 350 2293 videamus
365 2233 439 2309 quid
453 2235 500 2306 sit,
518 2235 600 2310 quod
613 2251 672 2296 nos
685 2234 817 2294 maxime
828 2235 973 2305 concitem
991 2234 1083 2295 atium
1097 2251 1170 2296 ver·
1257 2231 1258 2246 ¹

191 2315 316 2390 borum,
336 2316 427 2377 aiiuur
444 2332 545 2377 rerum
560 2319 761 2382 contumeliae
775 2319 907 2378 movent.
936 2317 986 2378 hio
1000 2320 1065 2379 vult
1080 2319 1170 2379 nobi·
1257 2335 1258 2354 ³

191 2397 274 2472 litati,
287 2399 337 2460 hic
351 2401 468 2462 formae
475 2417 550 2461 suae
566 2402 659 2478 parci.
681 2402 730 2462 hic
741 2402 986 2476 elegantissimus
996 2401 1101 2462 haberi
1114 2418 1169 2463 cu-

95 2485 99 2492 '
193 2483 250 2557 pit,
265 2484 315 2543 ille
329 2483 536 2552 doctissimus.
558 2485 782 2561 hic‘superbiae
793 2485 947 2561 inpatiens
959 2493 1015 2558 est,
1030 2485 1080 2545 hic
1092 2500 1169 2545 con·
1257 2543 1258 2566 ,

167 2578 170 2583 ·
190 2567 348 2628 tumaciae.
376 2567 427 2629 ilie
448 2583 556 2630 servos
571 2586 632 2630 non
648 2575 733 2644 putat
747 2567 858 2642 dignos
878 2569 990 2645 quibus
1008 2570 1170 2643 irascatur,
1257 2575 1258 2640 t

190 2649 239 2710 hic
254 2651 332 2713 intra
347 2651 471 2713 domum
487 2667 600 2714 saevus
616 2661 677 2726 est,
703 2651 778 2714 ioris
794 2653 883 2714 mitis.
905 2651 957 2712 iiie
971 2652 1073 2728 rogari
1089 2653 1169 2711 invi·
1257 2693 1258 2732 ,

191 2733 271 2794 diam
286 2733 409 2810 iudicat,
424 2733 474 2797 bic
488 2751 551 2797 non
563 2737 665 2812 rogari
681 2735 904 2796 contumeliam.
925 2735 991 2798 Non
1003 2751 1110 2796 omnes
1126 2735 1170 2795 ab
1257 2737 1258 2768 r

191 2817 297 2876 eadem
314 2825 399 2892 parte
420 2819 581 2880 feriuntur:
612 2820 692 2880 scire
712 2819 816 2894 itaque
831 2827 966 2894 oportet,
990 2821 1063 2896 quid
1084 2820 1113 2878 in
1135 2827 1171 2880 te
1257 2833 1258 2914 ἦ

190 2899 363 2960 inbecillum
377 2901 432 2976 sit,
447 2909 481 2962 ut
494 2902 526 2962 id
542 2902 673 2964 maxime
688 2911 843 2978 protegas.
869 2959 870 2963 ,

159 2995 173 3045 1
249 2982 299 3041 Xl.
320 2983 387 3044 Non
399 2986 524 3059 expedit
542 2987 643 3048 omnia
654 2985 772 3060 videre,
795 2986 896 3048 omnia
916 2987 1030 3047 audire.
1053 2987 1172 3046 multae
1257 3009 1258 3038 r

189 3082 247 3126 nos
268 3065 395 3127 iniuriae
409 3075 579 3144 transeant,
601 3085 640 3130 ex
663 3071 774 3144 quibus
790 3071 955 3146 plerusque
975 3087 1037 3132 non
1054 3069 1172 3144 accipit

190 3147 243 3224 qui
257 3149 362 3210 nescit.
395 3150 463 3212 Non
477 3151 526 3212 vis
548 3169 620 3214 esse
634 3153 824 3214 iracundus?
844 3169 883 3214 nc
897 3153 991 3214 fueris
1013 3154 1169 3214 curiosus.

190 3233 242 3307 qui
256 3231 382 3308 inquirit
393 3233 468 3310 quid
479 3234 510 3297 in
527 3251 563 3296 se
575 3235 688 3298 dictum
700 3237 748 3311 sit,
768 3237 819 3312 qui
831 3235 981 3312 malignos
994 3252 1168 3309 sermones

189 3317 307 3376 etiamsi
319 3324 440 3379 secreto
453 3317 546 3380 habiti
560 3327 641 3394 sunt,
656 3321 742 3394 eruit,
760 3337 794 3381 se
810 3320 878 3395 ipse
889 3319 1044 3398 inquietat.
1070 3335 1170 3395 quae-

189 3399 258 3459 dam
274 3399 482 3476 interpretatio
498 3417 536 3464 co
551 3403 706 3478 perducit,
721 3410 752 3463 ut
771 3404 932 3465 uideantur
946 3405 1087 3466 iniuriae:
1110 3403 1172 3464 ita-

189 3499 250 3559 que
270 3483 328 3544 alia
352 3482 522 3546 differenda
542 3493 628 3560 sunt,
649 3486 709 3546 aiia
729 3485 910 3566 deridendo,
932 3487 992 3547 alia
1009 3486 1172 3552 donanda.
