2554 3888
14 3409 16 3519 l

170 225 228 288 188
365 224 398 282 L.
410 221 556 284 ANNAEI
572 220 756 280 SENECAE.
772 219 872 278 DlAL.
890 221 939 280 lx.

136 383 152 437 6
168 375 337 452 oppositis,
354 375 411 434 sed
425 373 563 433 animose
579 373 724 448 recipis.“
746 373 801 446 Qui
817 381 943 434 mortem
955 373 1078 446 timebit,
1094 375 1144 434 ni-

167 461 207 520 hil
228 473 373 534 nmquam
390 473 445 532 pro
460 457 583 517 homine
598 457 646 533 [et]
661 457 728 516 viro
745 458 849 516 faciet:
876 463 906 515 at
922 459 973 532 qui
989 457 1067 516 sciat
1081 459 1147 518 hoc

168 543 227 604 sibi
244 558 312 602 cum
328 540 541 617 conciperetur
555 539 656 601 statim
670 539 859 614 condictum,
877 540 959 600 vivet
974 541 1011 600 ad
1029 542 1147 600 formu·

167 629 228 687 lam
242 633 273 684 et
287 627 375 685 simul
391 624 464 684 illud
481 639 605 699 quoque
618 624 727 683 eodem
740 623 830 682 animi
842 624 955 682 robore
965 625 1147 699 praestabit,

169 707 1033 784 nequidexiis,quaeeveniunt,subitumsit.
1058 707 1145 782 quic-

170 794 243 868 quid
265 793 344 850 enim
364 791 430 850 fieri
445 798 562 864 potest,
589 791 679 865 quasi
695 792 827 850 lutrarum
843 789 897 864 sit,
924 791 1148 866 prospiciendo

169 878 317 935 malorum
332 872 465 933 omnium
480 875 601 948 inpetus
616 872 743 946 molliet,
760 874 812 948 qui
825 873 863 934 ad
877 881 1077 949 praeparatos
1090 891 1146 933 ex-

171 964 410 1032 spectantesque
431 957 503 1016 nihil
520 957 661 1017 adierunt
676 957 762 1016 novi:
790 958 907 1017 securis
929 965 959 1017 et
973 957 1063 1016 beata
1078 964 1147 1016 tan-

170 1049 233 1102 tum
249 1041 457 1115 spectantibus
472 1055 583 1114 graves
599 1042 731 1100 veniunt.
765 1041 890 1101 morbus
906 1042 1001 1114 enim,
1018 1040 1147 1115 captivi·

170 1133 233 1198 tas,
248 1126 350 1196 ruina,
365 1125 459 1197 ignis,
477 1123 549 1182 nihil
560 1123 669 1183 horum
680 1125 870 1198 repentinum
882 1132 938 1184 est.
960 1169 979 1198 „
988 1123 1147 1195 Sciebam,

138 1213 154 1270 7
169 1209 200 1268 in
219 1223 308 1284 qoam
323 1209 542 1267 tumultuosum
555 1223 604 1266 me
619 1208 849 1268 contubernium
866 1215 973 1267 natura
990 1207 1145 1266 clusisset.

170 1293 280 1353 totiens
307 1292 337 1349 in
364 1289 475 1350 vicinia
489 1307 558 1350 mea
572 1293 794 1351 conclamatum
808 1299 865 1374 est,
897 1291 1008 1351 totiens
1024 1297 1152 1365 praeter

171 1375 261 1435 limen
269 1376 433 1434 inmaturas
442 1373 607 1448 exsequias
616 1376 667 1433 tax
675 1390 846 1450 cereusque
857 1375 1033 1449 praecessit.
1050 1389 1150 1448 saepe

171 1475 189 1518 a
204 1461 298 1520 latere
311 1457 427 1517 ruentis
439 1457 569 1516 aedificii
582 1459 684 1532 fragor
695 1458 805 1518 sonuit.
827 1460 938 1518 multos
952 1473 990 1517 cx
1002 1457 1049 1528 iis,
1063 1474 1143 1532 quos

173 1543 285 1612 lorum,
303 1542 401 1612 curia,
424 1556 524 1599 sermo
541 1555 659 1600 mecum
675 1549 880 1614 contraxerat,
902 1557 965 1600 nox
980 1541 1103 1602 abstulit
1118 1548 1148 1600 et

172 1625 283 1684 iunctis
303 1625 342 1683 ad
364 1621 536 1682 sodalitium
556 1638 665 1684 manus
681 1627 839 1699 copulatas
854 1625 1036 1684 interscidit:
1055 1625 1151 1683 mirer

173 1709 212 1767 ad
226 1724 275 1766 me
286 1706 454 1782 aliqnando
470 1707 606 1782 pericula
620 1710 808 1781 accessisse,
824 1724 903 1783 quae
915 1708 996 1768 circa
1007 1723 1055 1766 me
1067 1723 1145 1766 sem-

173 1807 229 1866 per
250 1789 437 1850 erraverint?
464 1791 576 1866 Magna
590 1807 667 1866 pars·
678 1791 833 1852 hominurn
849 1800 911 1865 est,
928 1807 1007 1867 quae
1021 1792 1146 1866 naviga-

141 1883 241 1937 8tura
261 1876 300 1934 de
320 1880 500 1950 tempestate
521 1892 582 1935 non
600 1875 722 1950 cogitat.
753 1875 924 1950 Numquam
945 1891 993 1934 me
1013 1875 1043 1934 in
1066 1875 1147 1934 bona

175 1965 230 2033 [re]
257 1960 327 2018 mali
349 1959 475 2032 pudebit
489 1959 632 2018 auctoris.
663 1958 804 2031 Publius,
818 1959 942 2034 tragicis
960 1959 1150 2034 comicisque

174 2041 383 2102 vehementior
397 2041 543 2114 ingeniis,
561 2043 702 2116 quotiens
717 2043 853 2102 mimicas
868 2043 998 2116 ineptias
1012 2049 1041 2101 ct
1053 2043 1147 2100 verba

174 2126 214 2186 ad
233 2140 382 2184 summum
403 2139 528 2184 caveam
549 2127 717 2198 spectantia
732 2127 868 2201 reliquit,
890 2127 967 2186 inter
981 2127 1075 2186 multa
1091 2125 1149 2185 alia

175 2207 338 2280 cothurno,
355 2223 416 2266 non
431 2214 545 2268 tantum
560 2209 674 2282 sipario
692 2207 835 2282 fortiora,
849 2217 879 2270 et
892 2211 951 2269 boc
966 2210 1021 2269 eit=

312 2293 404 2351 culcis
412 2297 510 2366 potest
522 2295 659 2354 occidere
672 2295 752 2370 quod
760 2297 899 2368 cuiquam
908 2300 1011 2368 potest.

174 2376 240 2436 Hoc
262 2375 287 2433 si
312 2375 380 2450 quis
402 2374 431 2434 in
455 2376 604 2436 medullas
620 2377 775 2436 demiserit
788 2384 818 2436 et
832 2377 933 2436 omnia
948 2377 1046 2436 aliena
1060 2377 1146 2444 mala,

176 2475 304 2534 quorum
319 2459 426 2533 ingens
442 2460 553 2520 cotidie
569 2461 727 2534 copiaest,
744 2461 789 2519 sic
801 2460 986 2534 adspexerit,
994 2468 1150 2534 tamquam

174 2542 303 2604 liberum
318 2543 376 2602 illis
392 2543 476 2602 etad
491 2560 526 2604 se
542 2541 599 2604 iter
615 2545 662 2617 sit,
677 2544 769 2604 multo
786 2551 855 2604 ante
870 2559 904 2602 se
917 2543 1044 2603 armabit
1057 2557 1148 2616 qoam

144 2652 161 2706 9
176 2633 304 2702 petatur.
328 2625 404 2687 Sero
420 2629 538 2687 animus
554 2627 594 2686 ad
609 2628 812 2702 periculorum
824 2628 996 2702 patientiam
1012 2632 1084 2700 post
1096 2617 1144 2700 pe

175 2713 271 2769 ricula
286 2711 451 2771 instruitur.
474 2711 562 2785 „Non
577 2711 681 2784 putavi
693 2710 752 2771 hoc
764 2711 927 2772 futurum.“
942 2718 972 2770 et
985 2725 1148 2784 „umquam

175 2801 208 2852 tu
222 2793 280 2853 hoc
292 2801 471 2854 eventurum
486 2794 720 2854 credidissest“
740 2794 839 2868 Quare
854 2801 953 2854 autem
969 2801 1054 2854 non‘t
1071 2807 1152 2867 quae

177 2884 248 2936 sunt
268 2877 406 2951 divitiae,
431 2894 508 2952 quas
523 2894 584 2937 non
600 2873 722 2952 egestas
738 2885 767 2936 et
782 2879 878 2937 lamcs
894 2885 924 2938 et
937 2876 1116 2936 mendicitas
1132 2891 1150 2934 a

175 2969 261 3034 tergo
278 2967 445 3035 sequatur?
473 2977 553 3036 quae
568 2961 714 3035 dignitas,
737 2960 824 3021 cuius
840 2978 899 3022 non
917 2967 1107 3036 praetextam
1121 2965 1149 3019 et

178 3046 322 3118 augurale
338 3052 368 3105 et
382 3046 448 3106 lora
463 3044 589 3118 patricia
603 3045 713 3106 sordes
729 3047 909 3105 comitentur
925 3051 955 3104 et
969 3043 1149 3120 exportatio,

177 3134 268 3187 notae
289 3135 319 3187 et
338 3128 418 3188 mille
432 3129 570 3188 maculae
585 3135 615 3189 et
628 3136 765 3188 extrema
779 3127 986 3204 contemptio?
1006 3127 1090 3203 quod
1104 3142 1148 3184 re-

177 3225 270 3286 gnum
290 3217 352 3281 est,
376 3211 424 3270 cui
444 3227 504 3272 non
527 3219 633 3285 parata
648 3212 687 3272 sit
700 3213 788 3272 ruina
802 3220 832 3272 et
847 3209 1035 3287 proculcatio
1052 3217 1082 3270 et
1097 3211 1152 3270 do-

177 3295 277 3354 minus
292 3300 322 3352 et
337 3295 493 3354 carnifex?
507 3311 563 3354 nec
578 3296 696 3370 magnis
711 3294 771 3356 ista
785 3295 951 3356 intervallis
964 3295 1079 3369 divisa,
1095 3291 1151 3353 sed

177 3377 273 3438 horae
297 3384 480 3436 momentum
505 3377 631 3439 interest
657 3381 735 3439 inter
757 3379 868 3440 solium
882 3385 912 3439 et
927 3379 1026 3439 aliena
1041 3393 1153 3452 genua.

138 3471 170 3521 ιο
178 3460 262 3522 Scito
278 3476 352 3534 ergo
369 3475 488 3520 omnem
504 3462 715 3522 condicionem
737 3463 920 3523 versabilem
936 3479 1007 3524 esse
1023 3468 1053 3521 et
1068 3461 1152 3536 quic-
