2546 3890
233 261 361 322 LUDUS
376 260 427 321 DE
440 259 574 324 MORTE
588 261 755 324 CLAUDII.
776 270 873 327 4-6.
980 261 1043 328 267

67 407 122 470 vii.
150 416 212 484 [nec
225 419 289 485 pest
301 415 420 470 boletum
435 416 547 486 opipare
561 417 758 474 medicamentis
771 418 906 473 cauditum
917 420 977 490 plus
989 420 1044 474 eibi

68 499 205 568 sumpsit]

132 578 172 636 V.
194 575 278 650 Quae
298 577 329 636 in
349 577 438 638 terris
453 584 563 654 pastea
576 577 637 640 sint
650 585 732 653 aeta,
755 596 981 657 supervacuum
996 587 1074 643 asti

68 661 195 722 referre.
216 657 311 720 saitis
326 661 407 722 enim
421 662 547 738 optime,
566 677 624 726 nec
639 664 808 738 perieulum
822 671 884 739 est,
906 681 946 724 ne
960 665 1043 724 exci-

69 745 159 817 dant,
177 759 258 818 quae
271 745 437 806 memoriae
447 745 592 821 gaudium
605 745 761 821 publicum
775 747 929 823 inpressit.
952 763 1043 808 nemo

68 827 221 889 felicitatis
236 842 312 888 suae
323 827 526 890 obliviscitum
545 828 676 890 incaelo
690 831 1043 906 quacaetasintaudita.

67 909 148 972 fides
164 926 262 986 penes
276 917 433 972 auctorem
448 911 514 973 erit.
546 912 706 974 Nuntiatur
718 913 784 974 lovi
798 913 922 974 venisse
938 923 1072 990 quem-a

67 994 141 1054 dam
154 994 255 1057 bonae
270 1000 417 1070 staturae,
433 995 512 1056 bane
529 1011 648 1057 canum.
676 995 782 1058 nescia
801 998 875 1074 quid
890 998 973 1058 illurn
988 998 1043 1058 mi-

67 1077 144 1138 nari.
173 1075 304 1138 adsidue
325 1078 403 1138 enirn
427 1086 519 1154 eaput
538 1095 672 1140 movere.
700 1080 810 1156 pedem
826 1081 966 1142 dextrum
982 1089 1043 1142 tra-

66 1160 151 1222 here.
179 1161 340 1236 quaesisse
356 1177 400 1236 se,
416 1163 504 1224 euius
516 1162 648 1224 nedonis
659 1169 752 1224 esset.
774 1165 978 1239 respondisse
988 1179 1042 1224 ne·

67 1242 133 1306 seio
150 1243 225 1320 quid
244 1244 420 1320 perturbato
441 1261 519 1308 sano
536 1253 567 1307 et
583 1261 661 1308 voce
675 1248 815 1308 contusa.
849 1264 911 1308 non
925 1247 1042 1308 intelle·

67 1343 141 1404 gere
162 1345 198 1388 se
217 1328 351 1403 linguam
372 1329 449 1390 eius.
477 1345 535 1391 nee
550 1331 698 1390 Graccum
714 1345 786 1390 esse
800 1346 857 1390 nec
870 1331 1042 1390 Romanum

65 1428 125 1472 nea
150 1411 242 1472 uillas
267 1411 367 1487 gentis
393 1418 494 1474 notae.
529 1413 603 1473 Tum
629 1411 746 1489 Iupiter
768 1415 945 1486 Herculem,
970 1414 1071 1489 quiet

65 1502 163 1556 tatum
182 1495 289 1557 orbem
312 1502 460 1558 terrarum
483 1505 695 1572 pererraverat
715 1504 745 1558 at
765 1513 860 1558 nasse
880 1497 1042 1558 videbatur

66 1595 174 1640 omnes
188 1579 343 1651 nationes,
357 1577 442 1640 iubet
454 1578 499 1642 ire
509 1587 540 1641 et
550 1583 729 1656 explorare,
745 1596 873 1657 quorum
884 1579 1042 1660 hominum

65 1668 160 1723 asset
196 1661 270 1722 Turn
290 1661 439 1724 Hercules
460 1662 559 1739 prima
581 1665 732 1740 adspectu
751 1681 827 1725 sane
845 1664 1040 1738 perturbatus

65 1755 126 1820 est,
150 1751 184 1806 ut
204 1762 292 1821 quem
311 1745 371 1805 iam
389 1763 451 1807 non
467 1749 569 1808 omnia
581 1756 719 1809 menstra
731 1748 891 1810 timuerint.
920 1755 953 1810 ut
965 1747 1042 1808 vidit

66 1830 139 1890 novi
152 1829 274 1904 generis
295 1826 419 1904 faeiem,
440 1830 594 1892 insolitum
607 1832 778 1902 incessum,
802 1845 912 1892 vocem
926 1829 1039 1892 nullius

65 1913 220 1974 terrestris
239 1911 393 1986 animalis,
419 1913 478 1975 aad
498 1913 597 1989 qualis
612 1930 684 1976 esse
698 1914 823 1975 marinis
837 1913 937 1976 beluis
952 1915 1040 1988 salet,

64 2012 192 2059 raucam
207 2003 237 2058 et
251 1996 431 2072 implicitam,
452 1994 642 2072 putavit'sibi
655 1998 774 2058 tertIum
788 1995 939 2058 decimum
954 1996 1040 2058 labo-

63 2096 132 2141 rem
152 2081 289 2144 vanisse,
322 2077 502 2155 Diligentius
523 2080 649 2142 intuenti
669 2081 756 2142 visus
771 2086 818 2140 est
834 2080 923 2156 quasi
938 2081 1070 2144 homo-4

64 2164 199 2226 accessit
212 2165 315 2240 itaque
328 2171 360 2226 et
374 2164 459 2239 quod
475 2163 648 2225 lacilllnmm
662 2165 717 2225 luit
731 2164 896 2239 Graeculo,
911 2164 966 2224 aits

87 2247 146 2320 Τίς
159 2241 269 2309 πόθεν
284 2239 330 2320 εἷς
343 2237 495 2326 ἆνὸρῶνε
517 2241 602 2310 πόθι
615 2267 667 2308 τοι
679 2241 793 2320 πτόλις
806 2238 865 2328 ἠδὲ
879 2248 1012 2328 cannam

64 2330 211 2392 Claudius
225 2331 340 2406 gaudet
352 2347 424 2392 esse
438 2331 499 2392 illic
513 2331 688 2407 philologos
703 2331 859 2406 homines,
875 2337 980 2407 sperat
993 2331 1040 2390 iu·

61 2421 166 2474 turum
186 2415 319 2490 aliquem
338 2411 473 2476 historiis
494 2415 560 2475 suis
580 2417 691 2476 lecum.
724 2417 831 2490 ltaque
846 2421 877 2474 et
893 2416 963 2490 ipse
977 2414 1040 2474 Ηο-

63 2497 181 2558 mcrica
195 2513 290 2560 versu
304 2497 467 2559 Caesarem
482 2514 519 2558 se
533 2513 606 2558 asse
620 2497 799 2572 significans
813 2497 863 2570 alt,
987 2511 989 2518 ·

126 2573 265 2642 Ἰλιόθεν
279 2600 319 2660 με
334 2579 448 2661 φέρων
464 2573 584 2662 ἄνεμος
598 2574 778 2643 Κικόνεσσι
791 2579 963 2641 πέλασσεν.

62 2664 137 2728 Erat
151 2671 252 2726 autem
266 2679 400 2740 sequeus
415 2681 525 2726 versus
540 2666 657 2740 verior,
679 2680 779 2742 aeque
792 2662 982 2736 Homericus,

116 2740 227 2809 Ἔνθα
242 2737 270 2808 d‘
286 2739 349 2826 ἐγὼ
364 2741 463 2810 πόλιν
479 2747 646 2829 ἔπραθον,
668 2739 776 2810 ὤλεσα
790 2737 819 2809 δ’
833 2737 965 2818 αὐτούς.

125 2831 178 2890 Vl.
199 2830 237 2890 Et
251 2829 430 2905 inposuerat
441 2833 579 2905 Herculi,
595 2831 710 2893 homini
724 2830 846 2894 mInime
859 2830 963 2902 vaira,
980 2828 1039 2888 nisi
1052 2835 1070 2888 1

62 2915 175 2977 luisset
194 2914 255 2974 illle
272 2912 395 2990 Febris,
421 2931 502 2990 quae
523 2917 594 2977 iana
615 2931 674 2978 suo
693 2916 800 2978 relicto
820 2915 889 2976 sola
902 2929 971 2973 curn
984 2909 1037 2973 illo

60 3003 205 3060 venerata
233 3003 353 3059 ceteros
374 3015 481 3059 omncs
502 2999 580 3060 deos
600 3001 718 3061 Romae
737 2999 911 3075 reliquerat.
946 2995 1037 3070 „Ista

61 3082 176 3159 inquit,
198 3095 284 3142 mera
303 3081 463 3143 mendacia
482 3091 594 3144 narrat.
625 3099 684 3158 ego
698 3081 754 3143 tibi
768 3083 852 3156 dcc,
875 3095 1039 3156 quaecum

60 3165 114 3226 illo
135 3166 289 3226 tot-aunis
309 3163 385 3226 vixit
412 3165 574 3242 Luguduni
593 3173 682 3227 natus
704 3173 762 3227 est.
796 3165 930 3227 Munatii
941 3163 1038 3224 muni

62 3247 165 3324 cipem
184 3248 283 3310 vides.
316 3247 401 3326 quod
414 3249 468 3311 tibi
481 3266 587 3323 narro,
608 3250 649 3310 ad
660 3255 781 3310 sextum
796 3248 947 3309 decimum
960 3247 1033 3325 lapi

61 3333 133 3392 dem
154 3340 245 3394 natus
266 3340 313 3394 est
334 3332 500 3409 aVienna,
523 3335 627 3395 Gallus
641 3348 814 3408 germanus.
836 3331 939 3408 itaque
954 3331 1039 3407 quod

61 3415 181 3476 Gallum
201 3417 304 3477 lacera
326 3417 499 3494 oportebat,
519 3417 647 3478 Romam
667 3417 757 3492 cepit.
792 3416 882 3476 Hunc
902 3413 1039 3490 ego-tibi

59 3499 179 3576 recipio
194 3499 355 3580 Luguduni
367 3509 484 3576 natum,
506 3500 558 3561 ubi
568 3498 703 3562 Licinius
713 3501 815 3562 multis
827 3499 915 3561 annis
926 3513 1038 3574 regna-
