2554 3888
306 216 358 276 ott
374 217 594 278 aanvtrnttt
609 218 737 278 VITAE.
759 169 857 282 pssp,
1011 219 1073 287 205

99 387 135 431 se
161 369 244 444 regis
268 367 412 444 imperio,
442 387 502 430 non
524 371 628 430 iavore
650 371 758 446 popuii
779 374 900 448 longius
923 375 1071 450 proteret:

100 455 180 513 sicut
194 453 289 512 missa
304 460 352 512 est
368 469 387 511 a
403 453 498 526 primo
515 454 579 527 die,
595 463 704 514 curret.
727 472 878 531 nusquam
890 459 1071 532 devertatur,

101 553 254 611 nusquam
268 535 477 596 remorabitur.
511 536 589 610 Quid
609 537 682 598 fiet?
709 545 741 598 tu
756 547 923 615 occupatus
938 557 988 614 es,
1011 543 1073 602 vita

8 681 10 714 ὲ
101 621 238 680 testinata
267 635 350 679 mors
372 619 489 679 interim
510 620 621 694 aderit,
649 623 711 694 cui,
739 623 814 682 veiis
838 625 932 699 nolis,
961 641 1072 686 vacan-

101 705 171 763 dum
189 711 245 763 est.
273 701 416 765 Potestne
430 703 595 778 quicquam
607 711 672 762 -t
691 703 707 742 *
723 703 769 742 **

166 829 214 886 tx.
249 826 366 888 Sensus
387 827 688 910 hominum-eorum
700 830 785 903 dico,
810 831 861 906 qui
879 833 1097 907 prudentiamt

9 903 10 908 ’
101 913 222 983 iactant,
235 912 397 987 operosius
411 911 553 987 occupati
565 919 650 972 sunta
665 920 698 972 ut
708 913 815 973 meiius
828 916 949 988 possint
959 917 1072 989 vivere,

17 3560 26 3835 i

101 995 246 1070 inpendio
269 996 346 1056 vitae
367 995 458 1056 vitam
473 996 636 1070 instruunt,
658 997 858 1071 cogitationes
874 1015 947 1060 suas
962 1000 992 1059 in
1007 1002 1072 1060 ion-

101 1095 172 1154 gum
188 1080 338 1138 ordinant.
368 1079 532 1139 Maxima
552 1096 666 1154 porro
686 1079 790 1140 vitae
807 1081 960 1142 iactura
975 1083 1073 1144 dita-

101 1164 153 1223 tio
177 1169 251 1222 est:
281 1163 330 1222 iila
346 1165 474 1237 primum
490 1179 644 1238 quemque
658 1163 789 1224 extrahit
803 1165 898 1240 diem,
919 1167 970 1226 iiia
984 1167 1074 1242 eripit

102 1247 291 1322 praesentia,
319 1247 392 1307 dum
413 1249 556 1308 ulteriora
576 1249 728 1321 promittit.
763 1250 925 1309 maximum
951 1251 1073 1311 vivendi

101 1330 340 1406 inpedimentum
355 1339 403 1391 est
417 1332 622 1405 exspectatio,
647 1347 726 1407 quae
747 1334 861 1407 pendet
875 1350 913 1392 ex
929 1335 1072 1408 crastino,

102 1415 203 1490 perdit
225 1414 419 1474 hodiernum:
449 1415 533 1490 quod
554 1415 582 1473 in
605 1431 696 1475 marm
713 1416 850 1476 fortunae
868 1419 998 1492 posituro
1015 1425 1071 1491 est,

102 1497 257 1573 disponis,
285 1499 369 1574 quod
390 1497 419 1557 in
442 1505 507 1572 tua,
535 1497 668 1559 dimittis.
709 1499 774 1573 Quo
796 1509 933 1576 spectaS,
961 1518 1022 1578 quo
1044 1511 1073 1578 te

102 1582 264 1642 extendist
293 1581 395 1642 omnia
418 1598 497 1656 quae
517 1589 645 1642 ventura
666 1590 751 1654 sunt,
769 1585 805 1654 in
827 1583 942 1646 Incerto
957 1587 1071 1649 iacent=

101 1665 241 1742 protinus
255 1666 333 1724 vive.
366 1665 479 1726 clamat
490 1681 563 1726 ecce
576 1667 725 1728 maximus
738 1674 822 1728 vates
835 1677 865 1728 et
875 1671 957 1731 vetut
968 1671 1072 1733 divino
1085 1679 1101 1730 2

102 1766 156 1810 ore
170 1748 331 1811 instinctus
347 1749 480 1810 salutare
495 1765 615 1809 carmen
633 1751 727 1810 canit:

206 1858 316 1930 optima
329 1871 461 1930 quaeqae
474 1856 537 1916 dies
550 1859 666 1917 miseris
678 1857 849 1917 mortalibus
863 1861 930 1918 ocot'

190 1939 405 2014 'primosupt't

103 2043 181 2118 Quid
197 2045 362 2117 cunctaris,
382 2043 492 2117 inquit,
508 2043 726 2117 quidscessast
747 2044 805 2104 nisi
820 2059 972 2120 occupas,
988 2045 1072 2119 fugit.

102 2135 132 2188 et
150 2143 219 2188 cunr
236 2129 452 2202 occupaveris,
474 2134 573 2187 tamen
591 2128 692 2202 fugiet.
716 2129 819 2208 itaque
836 2145 906 2190 curn
920 2128 1073 2188 celeritate

101 2211 249 2286 temporis
270 2210 374 2272 utendi
391 2211 551 2270 velocitate
566 2213 742 2277 certandum
756 2221 804 2274 est
818 2221 848 2274 et
861 2214 944 2274 vetut
958 2228 997 2271 ex
1011 2219 1071 2274 tor·

101 2296 180 2356 renti
194 2295 305 2370 rapido'
318 2310 375 2354 nec
390 2299 512 2369 semper
522 2295 600 2356 ituro
613 2297 672 2357 cito
683 2296 891 2357 hauriendum.
920 2298 986 2357 Hoc
999 2313 1100 2372 qno-3

103 2395 163 2454 que
177 2378 378 2454 pulcherrime
389 2379 429 2438 ad
440 2379 686 2453 exprobrandam
696 2379 842 2440 infinitam
851 2381 1072 2456 cogitationem,

103 2463 189 2538 quod
206 2479 267 2522 non
284 2462 465 2538 optimam
487 2479 677 2538 quamque
696 2471 874 2537 aetatem,
898 2463 955 2523 sed
976 2463 1072 2522 diem

102 2545 185 2606 dicit.
207 2547 280 2620 quid
296 2561 423 2606 securus
439 2554 469 2607 et
482 2547 512 2604 in
524 2553 605 2606 tanta
616 2554 786 2622 temporum
798 2549 869 2621 iuga
879 2549 978 2607 lentus
990 2561 1072 2604 men-

102 2645 155 2690 ses
177 2629 231 2690 tibi
250 2637 280 2690 et
294 2646 391 2690 annos
413 2637 443 2690 et
463 2631 584 2704 tongam
605 2629 730 2703 seriem,
756 2637 921 2705 utcumque
938 2629 1072 2688 aviditati

101 2720 173 2774 tuac
189 2715 287 2774 visum
302 2707 363 2786 est,
387 2714 581 2788 exporrigis?
599 2714 638 2773 de
654 2713 714 2772 die
730 2721 827 2774 tecum
842 2715 975 2789 loquitur
990 2712 1072 2772 etde

101 2797 162 2858 hoc
182 2798 252 2872 ipso
275 2796 417 2872 fugiente.
451 2798 518 2857 Non
541 2797 667 2858 dubium
682 2804 730 2880 est
748 2813 836 2872 ergo,
859 2797 931 2873 quin
952 2798 1101 2871 primata

103 2895 283 2956 quaeque
305 2881 448 2955 optima
469 2881 555 2942 dies
576 2881 945 2956 fugiatmortaiibus
961 2881 1071 2940 mise-

101 2965 172 3037 ris,
194 2965 289 3024 idest
308 2965 530 3039 occupatis:
553 2982 681 3039 quorum
695 2965 830 3040 pueriles
842 2965 942 3024 adhuc
954 2957 1072 3024 animos

102 3055 246 3108 senectus
268 3047 426 3126 opprimit,
450 3049 488 3108 ad
505 3065 596 3124 quam
610 3050 740 3124 inparati
755 3051 950 3123 inermesque
964 3063 1072 3123 perve-

103 3130 198 3207 niunt.
231 3131 304 3192 nihil
324 3133 403 3192 enim
422 3133 579 3208 provisum
600 3141 662 3193 est:
693 3131 792 3194 subito
808 3133 838 3192 in
853 3133 933 3192 iiiam
947 3130 1072 3206 necopi-

104 3222 211 3276 nantes
228 3215 408 3276 inoiderunt.
444 3217 591 3278 accedere
606 3232 672 3276 eam
689 3215 801 3276 cotidie
816 3233 876 3276 non
892 3215 1071 3277 sentiebant.

104 3298 365 3372 Quemadmodum
388 3308 440 3360 aut
460 3315 561 3360 sermo
581 3307 632 3359 aut
645 3299 734 3359 lectio
749 3307 801 3358 aut
814 3299 917 3374 aliqua
931 3298 1100 3359 intentiore

104 3382 247 3457 cogitatio
262 3383 319 3444 iter
334 3369 471 3444 iacientr's
486 3384 598 3458 decipit
612 3390 642 3442 et
657 3383 835 3457 pervenisse
846 3399 881 3442 se
892 3391 961 3443 ante
973 3384 1073 3442 sciunt

105 3481 194 3541 quam
210 3469 494 3542 adpropinquasse:
518 3468 563 3526 sic
578 3467 637 3526 hoo
652 3467 708 3526 iter
722 3467 801 3526 vitae
816 3467 977 3526 adsiduum
989 3471 1019 3523 et
1031 3463 1072 3522 ci-
