2554 3888
257 235 310 297 nn
324 237 657 311 rnnnouuurrnrn
673 240 795 299 anim.
816 249 920 304 s-ro.
1015 244 1075 309 185
1141 225 1144 228 ’

98 393 150 452 vix
171 398 237 452 tota
257 391 320 450 vita
339 389 458 450 indices
481 390 630 465 perlegite
657 399 765 452 onerat
785 391 962 454 discentem
975 396 1073 470 turba,

11 527 13 534 .
98 492 159 536 non
185 474 320 547 instruit,
346 474 504 548 multoque
530 475 626 534 satius
650 482 697 535 cst
722 477 829 550 paucis
848 484 878 536 te
899 479 1074 540 auctoribus

95 559 236 633 tradere,
259 573 350 632 quam
371 573 475 618 errare
492 557 689 632 permultos.
724 559 931 636 Quadraginta
945 563 1026 623 milia
1040 565 1073 622 li·
1089 580 1106 634 5

93 638 223 703 brorum
237 641 444 702 Alexandriae
458 648 614 702 arserunt=
630 641 865 716 pulcherrimum
880 646 984 720 regiae
999 664 1074 722 opu·

95 727 211 787 lentiaa
237 732 464 804 monumentum
486 725 564 785 alius
585 725 776 800 laudaverit,
805 728 884 788 sicut
910 736 941 790 et
959 731 1074 803 Livius,

98 811 151 886 qui
166 813 333 884 elepantos
345 826 450 884 regrum
460 825 611 884 caraeque
620 813 772 885 egregium
786 813 821 871 id
828 828 902 887 opas
912 813 954 872 ait
961 814 1074 886 suase:

96 909 165 970 non
182 894 239 955 fuit
258 893 410 968 elegantia
424 894 499 953 illud
517 900 569 952 aut
590 909 677 968 cura,
703 895 761 955 sed
785 895 925 956 studiosa
945 896 1073 967 luxuria,

95 977 190 1037 immo
206 993 246 1038 nc
260 976 400 1039 studiosa
415 977 555 1052 quidem,
570 978 713 1052 quoniam
728 995 790 1039 non
805 979 835 1037 in
851 979 998 1050 studium,
1018 981 1074 1041 sed

96 1062 127 1120 in
155 1061 367 1136 spectaculum
393 1069 650 1136 conparaverant,
677 1062 757 1122 sicut
782 1062 938 1139 plerisque
959 1063 1074 1138 ignaris

96 1145 190 1206 etiam
198 1144 353 1205 servilium
365 1143 518 1206 literarum
531 1144 597 1204 libri
610 1161 671 1204 non
685 1145 854 1206 studiorum
867 1148 1073 1223 instrumenta,

97 1230 157 1289 sed
179 1227 392 1290 coenationum
416 1236 594 1290 ornamenta
614 1235 693 1289 sunt.
722 1229 848 1290 Paretur
863 1231 968 1306 itaque
983 1232 1074 1292 libro-

95 1329 165 1372 rum
181 1319 327 1386 quantum
343 1312 418 1372 satis
434 1314 487 1385 sit,
516 1312 590 1371 nihil
605 1314 635 1370 in
650 1313 838 1388 adparatum.
873 1313 1107 1388 „Honestiuss

97 1397 219 1471 inquis,
240 1395 300 1456 hoc
320 1403 351 1456 te
366 1398 383 1438 *
397 1396 548 1471 inpensae
572 1412 662 1471 quam
685 1397 715 1455 in
738 1396 892 1458 Corinthia
913 1397 1075 1472 pictasque

96 1479 220 1540 tabulas
240 1477 438 1539 effuderint.“
468 1479 621 1540 Vitiosum
637 1486 684 1539 est
701 1479 830 1556 ubique,
853 1481 937 1556 quod
951 1481 1075 1541 nimium

98 1572 156 1624 est.
188 1563 393 1640 quid-habes,
417 1579 471 1623 cur
490 1561 635 1638 ignoscas
656 1563 770 1625 homini
788 1565 918 1624 armaria
941 1566 1015 1625 citro
1032 1573 1074 1626 at-

99 1663 159 1722 que
180 1647 276 1707 ebore
297 1647 450 1722 captanti,
473 1663 603 1722 corpora
626 1647 818 1723 conquirenti
837 1655 889 1708 aut
903 1649 1074 1723 ignotorum

99 1739 257 1792 auctorum
282 1738 334 1791 aut
356 1730 587 1806 inprobatorum
613 1739 644 1790 et
667 1733 745 1792 inter
762 1739 807 1792 tot
829 1733 909 1791 milia
928 1732 1075 1793 librorum

99 1815 256 1888 oscitanti,
276 1816 323 1874 cui
338 1815 525 1874 voluminum
538 1831 662 1874 suorum
678 1816 794 1874 frontes
808 1816 940 1876 maxime
955 1816 1077 1890 placent

98 1899 261 1974 tituliquet
289 1898 382 1972 Apud
404 1897 669 1958 desidiosissimos
691 1912 765 1972 ergo
789 1897 910 1958 videbis
927 1899 1105 1974 quicquidr

100 1981 271 2043 orationum
285 1981 543 2056 historiarumque
558 1987 613 2053 est,
628 1987 709 2042 tecto
722 1988 976 2042 tanusexstructa
990 1984 1073 2043 locu·

99 2067 242 2126 lamenta.
270 2066 329 2124 iam
346 2066 427 2125 enim
441 2067 519 2126 inter
529 2063 685 2124 balnearia
698 2072 729 2124 et
741 2065 874 2126 thermas
889 2065 1075 2127 bibliotheca

100 2165 229 2225 quoque
248 2156 282 2210 ut
304 2149 513 2210 necessarium
539 2148 649 2208 domus
675 2157 884 2209 ornamentum
911 2151 1074 2224 expolitur.

102 2235 297 2310 ignoscerem
312 2233 420 2308 plane,
437 2233 463 2293 si
479 2232 650 2294 studiorum
665 2231 757 2292 nimia
771 2233 914 2308 cupidine
930 2234 1073 2294 oriretur=

99 2333 181 2378 nunc
196 2318 256 2378 ista
271 2316 458 2393 conquisita,
481 2331 550 2376 cum
571 2315 752 2390 imaginibus
768 2318 833 2376 suis
850 2317 1006 2393 descripta
1022 2323 1073 2390 [et]

100 2417 260 2462 sacrorum
281 2416 376 2476 opera
396 2399 587 2475 ingeniorum
609 2401 639 2458 in
655 2400 789 2474 speciem
796 2407 834 2460 ct
848 2401 960 2460 cultum
975 2401 1074 2474 parie-

99 2494 162 2546 tum
179 2492 396 2558 conparantur.

162 2570 200 2628 X.
223 2570 262 2628 At
277 2569 339 2642 [ad]
356 2569 481 2643 aliquod
494 2583 616 2642 genus
632 2568 737 2627 vitae
753 2567 927 2626 difficile
941 2565 1075 2626 incidisti
1091 2583 1102 2635 i

100 2658 130 2711 et
149 2652 204 2714 tibi
226 2650 378 2728 ignoranti
394 2651 443 2712 vel
460 2649 580 2726 publica
595 2651 716 2712 fortuna
729 2650 780 2709 vel
796 2650 916 2724 privata
930 2650 1073 2724 laqueum

99 2737 233 2812 inpegit,
258 2752 348 2812 quem
364 2749 421 2796 nec
437 2736 560 2796 solvere
574 2751 687 2809 posses
702 2747 760 2793 nec
776 2748 952 2808 erumpere=
974 2733 1075 2807 cogita

100 2820 284 2896 conpeditos
312 2821 410 2894 primo
431 2834 523 2894 aegre
539 2819 618 2879 ferre
633 2833 726 2878 onera
741 2823 771 2876 et
785 2816 993 2892 iupedimenta
1008 2832 1074 2876 cru-

98 2921 177 2965 rum.
206 2903 319 2964 deinde
340 2903 391 2964 ubi
412 2919 474 2963 non
495 2902 645 2976 indignari
666 2902 731 2975 illa,
753 2901 810 2961 sed
825 2901 887 2976 pati
902 2915 1074 2976 proposue-

99 2995 184 3062 runt,
204 2988 430 3048 necessitas
452 2985 609 3048 fortiter
630 2987 733 3044 ferre
753 2985 881 3058 docet,
908 2999 1075 3044 consue·
1176 3023 1179 3030 -

98 3073 192 3132 tudo
209 3072 337 3133 facile.
365 3071 506 3132 invenies
521 3071 551 3130 in
567 3069 704 3145 quolibet
717 3084 830 3145 genere
844 3069 925 3129 vitae
942 3063 1075 3129 oble'cta-
1119 3117 1123 3125 .

98 3163 201 3216 menta
222 3163 254 3217 et
266 3157 465 3216 remissiones
487 3161 518 3215 et
536 3155 726 3230 voluptatem
748 3153 774 3213 si
794 3152 945 3226 nolueris,
968 3151 1076 3213 malm

98 3247 174 3315 puta
185 3246 217 3300 tc
234 3237 326 3300 vitam
344 3240 445 3314 potius
466 3253 557 3314 quam
574 3238 756 3298 invidiosam
771 3238 882 3298 facere.
910 3235 998 3297 Nullo
1014 3244 1107 3296 mea

99 3324 159 3385 lius
180 3323 305 3384 nomine
327 3323 366 3383 de
386 3322 476 3384 nobis
496 3329 603 3383 natura
624 3321 747 3395 meruit,
767 3335 857 3394 quam
874 3321 990 3398 [quod],
1007 3335 1076 3378 cum
1155 3333 1156 3338 ¹

99 3409 194 3468 sonet
216 3405 329 3482 quibus
349 3407 502 3466 aerumnis
522 3421 732 3478 nasceremur,
754 3404 957 3464 calamitatum
977 3400 1074 3460 molli-

98 3498 234 3552 mentum
256 3489 508 3551 consuetudinem
534 3490 663 3565 invenit,
694 3489 754 3551 cito
781 3489 812 3547 in
840 3485 1074 3546 familiaritatem
