2522 3906
200 236 244 302 50
494 237 528 330 L.
549 235 696 297 ANNAEI
716 229 891 298 SENECAE

200 390 231 450 fs
246 405 314 448 cum
328 388 422 449 iratus
438 388 508 448 duci
528 379 775 459 iussisset‘eum,
799 387 850 462 qui
871 402 911 446 ex
926 396 1095 454 commeatu
1116 389 1183 450 sine
1257 367 1258 374 ἵ

203 472 406 533 commilitone
420 471 566 544 redierat,
589 471 677 544 quasi
697 468 901 532 interfecisset
916 487 1009 546 quem
1021 488 1081 534 non
1098 474 1181 534 exiri·
1257 537 1258 544 χ

200 555 308 628 bebat,
327 555 447 630 roganti
461 561 582 630 tempus
597 553 723 630 aliquod
740 554 779 614 ad
796 553 1038 634 conquirendum
1052 573 1114 618 nan
1130 557 1181 616 de·
1257 599 1258 610 ,

201 640 253 700 dit.
277 639 437 700 damnatus
452 647 538 700 extra
549 639 661 698 vallum
675 638 843 712 productus
859 636 1020 701 1111111111
1031 639 1181 700 cervicem

201 721 386 798 porrigebat,
403 739 470 782 cum
482 721 582 782 subito
597 721 739 798 adparuit
752 723 802 782 ille
817 721 978 782 commilito
995 722 1047 796 qui
1059 723 1182 784 occisus

171 807 370 867 4videbatur.
399 809 482 866 Tunc
504 806 640 866 centurio
662 805 815 880 supplicio
836 806 1032 880 praepositus
1048 807 1182 868 condere

201 889 335 964 gladium
356 891 581 963 speculatorem
600 889 698 962 iubet,
721 889 895 951 damnatum
914 889 954 949 ad
972 889 1115 950 Pisonem
1134 907 1180 950 re·
1257 889 1258 916 l

202 973 287 1034 ducit
304 973 478 1032 redditurus
499 973 602 1034 Pisoni
621 973 839 1032 innocentiam=
865 975 935 1032 nam
955 971 1040 1032 militi
1061 975 1181 1038 fortuna
1257 1021 1258 1030 ,

200 1056 385 1116 reddiderat.
417 1057 530 1130 ingenti
552 1071 706 1117 concursu
725 1057 917 1118 deducuntur
939 1057 1081 1132 conplexi
1106 1059 1183 1118 alter

202 1141 327 1211 alterum
343 1155 411 1199 cum
425 1155 535 1215 magno
551 1141 662 1214 gaudio
675 1145 844 1201 castrorum
856 1141 1086 1202 commilitones.
1109 1157 1180 1202 con·
1257 1141 1258 1194 l

201 1222 321 1298 scandit
332 1223 461 1284 tribunal
473 1224 656 1284 furensPiso
668 1239 704 1284 ac
714 1225 797 1284 iubet
808 1223 1061 1298 duci'utrumque,
1071 1231 1101 1286 et
1112 1239 1181 1304 eum

172 1307 321 1372 5111111111
338 1307 390 1382 qui
405 1323 467 1366 non
486 1307 642 1368 occiderat
659 1314 689 1367 el
703 1322 771 1368 eum
788 1309 840 1382 qui
854 1323 916 1368 non
930 1307 1071 1382 perierat.
1104 1307 1181 1380 Quid
1257 1355 1258 1360 ,

200 1389 259 1450 boc
274 1390 449 1464 indignius?
469 1392 541 1466 quia
554 1408 635 1451 unus
650 1391 799 1452 innocens
814 1392 1012 1465 adparuerat‚
1035 1390 1096 1450 duo
1112 1406 1180 1466 per-

200 1473 294 1532 ibant.
324 1472 395 1534 Piso
417 1475 529 1546 adiecit
549 1481 580 1534 11
599 1473 728 1534 tertium.
757 1491 827 1534 nam
846 1474 949 1549 ipsum
964 1475 1180 1547 centurionem,

201 1557 253 1631 qui
275 1559 448 1616 damnatum
469 1558 647 1630 reduxerat,
669 1557 740 1619 duci
758 1555 856 1618 iussit.
884 1557 1038 1618 constituti
1059 1565 1130 1618 sunt
1150 1558 1181 1616 in

171 1639 307 1708 neodem
320 1640 371 1700 illo
384 1641 450 1700 loco
464 1639 587 1714 perituri
600 1648 661 1700 tres
675 1641 713 1700 ob
725 1641 815 1702 unius
828 1639 1041 1700 innocentiam.
1056 1640 1182 1736 Oquam

200 1721 310 1782 sollers
326 1731 374 1783 est
387 1723 544 1783 iracundia
558 1723 598 1783 ad
612 1724 772 1798 fingendas
788 1741 899 1786 causas
912 1725 1037 1784 furoris!
1053 1723 1144 1800 „Te
1136 1741 1182 1783 rn-

201 1805 274 1880 quit,
289 1807 359 1866 duci
375 1805 475 1880 labec,
492 1808 563 1882 quia
578 1807 739 1868 damnatus
749 1823 793 1868 11.
814 1815 852 1882 11,
869 1808 939 1884 quia
951 1819 1046 1870 causa
1057 1809 1181 1869 damna-

200 1887 292 1950 tionis
308 1891 503 1952 commilitoui
518 1891 610 1951 fuisti.
632 1897 671 1966 te,
687 1892 760 1966 quia
773 1890 878 1954 iussus
895 1892 1036 1954 occidere
1050 1893 1182 1967 impera-

200 1973 259 2034 tori
270 1990 331 2034 non
343 1973 502 2050 paruisti.“
515 1973 708 2050 Excogitavit
722 1976 978 2050 quemadmodum
989 1975 1047 2036 tria
1057 1976 1183 2036 crimina

201 2058 329 2130 laceret,
347 2059 419 2132 quia
435 2059 548 2118 nullum
563 2059 728 2130 invenerat,
1257 2053 1258 2060 '

173 2153 188 2204 1
262 2139 340 2200 XIX.
369 2141 482 2215 Habet,
504 2141 642 2216 inquam,
663 2143 820 2204 iracundia
841 2143 900 2204 boc
920 2141 1007 2202 mali:
1035 2157 1097 2202 non
1116 2143 1183 2202 vult
1257 2137 1258 2210 i

199 2221 274 2298 regi.
308 2225 448 2296 irascitur
468 2224 595 2304 veritati
608 2224 686 2300 ipsi,
709 2227 736 2286 si
760 2234 866 2288 contra
887 2229 1072 2301 voluptatem
1093 2242 1182 2289 suam

200 2307 350 2381 adparuit.
372 2325 441 2368 cum
452 2310 584 2370 clamore
599 2315 628 2368 et
642 2311 771 2370 tumultu
785 2318 815 2370 et
827 2311 919 2372 totius
932 2311 1071 2385 corporis
1087 2309 1181 2369 iacta-

199 2389 282 2450 tione
298 2408 376 2467 quos
392 2392 568 2466 destinavit,
591 2394 760 2468 insequitur
781 2394 907 2454 adiectis
924 2394 1071 2456 conviciis
1086 2395 1181 2452 male-

170 2473 361 2550 udictisque.
383 2476 450 2536 Hoc
464 2493 525 2536 non
541 2477 612 2536 facil
625 2478 715 2538 ratio:
738 2477 794 2536 sed
810 2477 836 2536 11
850 2477 890 2536 111
905 2494 985 2553 opus
1003 2485 1064 2550 est,
1083 2476 1181 2536 silens

200 2557 365 2636 quietaque
386 2566 464 2620 totas
481 2561 589 2621 domus
605 2561 740 2620 funditus
756 2561 832 2620 tollit
846 2568 875 2621 et
889 2562 1018 2620 familias
1032 2559 1181 2635 reipubli-

200 2657 255 2702 cae
270 2644 448 2718 peslilentes
461 2660 529 2704 curn
541 2644 720 2719 coniugibus
733 2659 768 2704 ac
779 2643 882 2722 liberis
896 2646 1003 2720 perdit,
1018 2651 1098 2705 tecta
1109 2644 1181 2718 ipsa
1257 2711 1258 2724 χ

200 2724 291 2786 diruit
312 2733 341 2785 et
362 2729 429 2788 solo
446 2735 597 2802 exaequat
611 2735 641 2788 et
654 2727 775 2786 inimica
788 2727 917 2788 libertati
932 2729 1055 2789 nomina
1069 2729 1180 2788 exstir-
1257 2739 1258 2780 l

199 2816 265 2882 pat:
281 2809 340 2869 hoc
356 2827 416 2870 non
433 2811 576 2872 frendens
592 2827 649 2870 nec
664 2818 757 2886 caput
772 2827 924 2886 quassans
941 2828 998 2873 nec
1014 2813 1181 2888 quicquam
1257 2875 1258 2880 ,

198 2891 377 2954 indecorum
391 2893 483 2953 iudici
498 2895 622 2969 1111111,
638 2895 724 2956 cuius
739 2901 801 2956 tum
812 2894 942 2956 1111111111
955 2897 1094 2972 placidus
1106 2911 1181 2956 esse
1257 2887 1258 2940 ἶ

170 2975 291 3038 edebat
311 2981 340 3034 et
361 2977 390 3036 in
413 2984 494 3037 statu
514 2979 631 3051 voltus,
659 2995 728 3039 cum
750 2995 860 3054 magna
880 2981 1066 3055 pronuntiat.
1100 2979 1183 3050 Quid

198 3075 272 3134 opus
285 3067 343 3132 est,
364 3059 461 3136 inquit
474 3061 695 3140 HieronymuS,
716 3079 783 3124 cum
804 3066 875 3124 celis
894 3065 1021 3126 caedere
1040 3066 1179 3138 aliquem,
1257 3137 1258 3140 Ἴ

198 3149 250 3201 tua
260 3147 348 3216 prius
361 3145 449 3205 lubra
462 3143 621 3206 mordere?
636 3145 727 3220 Quid,
743 3146 770 3208 si
784 3146 834 3206 ille
846 3147 975 3208 vidisset
986 3145 1180 3210 desilientem

199 3225 238 3284 de
261 3225 400 3288 tribunali
416 3231 635 3303 proconsulem
656 3237 686 3290 et
706 3231 807 3291 fasces
827 3231 926 3293 lictori
946 3233 1133 3294 auferentem
1149 3237 1181 3290 et
1257 3233 1258 3312 l

199 3319 317 3371 suamet
328 3312 507 3372 vestimenta
520 3315 724 3388 scindentem,
742 3314 813 3389 quia
827 3315 943 3376 tardius
960 3315 1182 3374 scindebantur
1257 3319 1258 3326 ’

167 3391 317 3453 41111111
338 3395 416 3470 Quid
432 3413 510 3472 opus
526 3405 573 3457 est
587 3413 723 3456 mensam
739 3403 896 3457 everteret
911 3399 985 3472 quid
1000 3399 1112 3474 pocula
1124 3399 1180 3458 ad·
1257 3389 1258 3438 l

198 3475 327 3553 fligeref
354 3480 427 3556 quid
449 3497 483 3540 11
510 3480 539 3540 11
569 3483 726 3542 columnas
747 3481 926 3556 inpingeret
952 3483 1025 3557 quid
1046 3481 1179 3557 capillos
1257 3529 1258 3564 ἦ
