2522 3906
223 229 325 289 nint.
348 229 399 290 ΙΙΙ.
427 229 477 289 DE
498 229 567 289 IRA
587 229 659 288 LlB.
683 230 705 288 l.
728 237 809 291 16-
818 238 859 291 20.
995 231 1035 296 51

44 380 209 440 avelleret
231 379 329 440 lemur
343 385 512 454 pectusque
530 385 711 452 percuteret
732 388 876 456 quantam
890 381 965 443 iram
980 399 1036 460 pu·

45 471 114 537 tas,
134 478 230 538 quae,
245 462 318 538 quia
332 462 363 520 in
377 462 468 541 alium
483 479 543 522 non
559 470 618 522 tam
633 463 692 524 cito
709 481 802 538 quarn
816 465 881 526 vult
895 469 1035 542 erumpit,

45 549 79 607 in
102 562 140 606 se
160 547 342 608 revertitur
363 553 502 622 tenentur
522 546 623 621 itaque
638 563 658 606 a
673 549 820 622 proximis
835 555 866 608 et
879 557 1035 625 rogantur,

46 638 82 691 nt
104 631 167 706 ipsi
188 629 247 690 sibi
270 631 437 706 placentur.
467 645 596 704 quorum
617 629 659 690 nil
674 631 746 692 lacit
761 631 903 708 quisquis
919 643 1064 698 vacuus5

46 716 96 774 ira
116 714 254 774 meritam
269 711 380 789 eurique
396 729 528 788 poenam
543 713 679 789 iniungit.
706 714 831 778 Dimittit
845 731 940 791 saepe
955 731 1035 792 eum,

49 800 141 858 cuius
162 803 324 872 peceatum
342 797 518 876 deprendit,
542 797 569 857 si
590 797 778 872 poenitentia
792 799 863 860 lacti
878 815 966 874 spem
980 802 1036 862 bo-

48 897 121 941 nam
137 881 314 956 pollicetur,
334 881 360 941 si
374 881 520 956 intellegit
533 897 595 944 non
609 897 649 942 ex
663 883 724 942 olto
740 897 843 944 ventre
857 882 1034 958 nequitiam,

48 966 109 1026 sed
124 981 259 1038 summo,
280 965 365 1040 quod
380 966 478 1037 aiunt,
501 964 601 1024 animo
617 965 788 1029 inhaerere.
816 966 901 1027 dabit
915 967 1035 1042 inpuni-

49 1055 144 1110 tatem
155 1064 212 1108 nec
223 1047 444 1124 accipientibus
456 1049 625 1110 nocituram
637 1065 693 1110 nec
705 1049 859 1112 dantibus.
880 1049 1063 1114 Nonnum-6

48 1149 147 1209 quam
163 1148 275 1208 magna
296 1134 417 1194 scelera
435 1131 535 1194 levius
557 1149 648 1210 quam
668 1134 787 1194 minora
802 1139 985 1209 conpescet,
1007 1137 1033 1194 si

47 1217 102 1276 illa
118 1217 226 1291 lapsu,
247 1231 308 1276 non
329 1217 507 1276 crudelitate
532 1217 696 1278 commissa
716 1225 804 1291 sunt,
825 1217 873 1278 his
894 1219 975 1278 inest
989 1221 1032 1280 la·

47 1309 118 1360 tens
141 1307 172 1360 et
192 1308 300 1374 operta
315 1308 346 1362 et
365 1301 534 1360 inveterata
548 1299 706 1362 calliditas.
735 1301 819 1362 ldem
840 1301 983 1362 delictum
1003 1301 1034 1362 in

47 1384 173 1444 duobus
194 1401 258 1445 non
278 1385 386 1444 eodem
410 1387 489 1444 malo
510 1383 647 1457 adficiet,
668 1383 696 1446 si
711 1385 786 1444 alter
801 1400 857 1460 per
871 1385 1034 1460 neglegen-

49 1469 121 1528 tiam
137 1467 275 1541 admisit,
295 1469 371 1528 ulter
387 1469 503 1528 curavit
517 1475 551 1528 ut
569 1483 686 1528 nocens
701 1475 794 1529 esset.
823 1469 891 1528 Hoc
912 1479 1061 1542 semperr

48 1553 80 1610 in
102 1551 187 1612 omni
208 1552 474 1614 animadversione
494 1551 642 1626 servabit,
663 1559 696 1613 ut
715 1553 792 1612 sciat
807 1549 933 1612 alteram
949 1552 1034 1612 adhi-

48 1635 133 1710 beri,
154 1642 187 1698 nt
206 1635 347 1700 emendet
367 1637 480 1710 malos,
503 1638 642 1708 alteram,
664 1641 697 1695 ut
717 1637 811 1696 tollat.
850 1635 882 1694 in
902 1641 1035 1710 utroque

49 1737 112 1780 non
134 1720 310 1795 praeterita,
334 1721 390 1780 sed
406 1721 506 1780 lutura
520 1719 692 1780 intuebitur.
722 1736 808 1792 nam,
832 1725 865 1779 ut
883 1717 968 1780 Plato
984 1721 1033 1792 ait,

49 1820 135 1866 nemo
148 1806 286 1880 prudens
300 1807 407 1879 pontt,
423 1806 494 1880 quio
509 1809 667 1879 peccalum
686 1810 743 1877 est,
763 1804 819 1864 sed
829 1820 867 1864 ne
883 1809 1034 1878 peccetur.

49 1891 188 1950 revocari
205 1889 285 1950 enim
298 1890 467 1963 praeterito
486 1903 544 1948 non
554 1893 692 1962 possunt,
705 1887 815 1960 fotura
827 1887 1033 1962 probibentur.

51 1979 80 2032 et
101 1988 183 2047 quos
205 1975 286 2034 volet
305 1963 459 2046 nequitiae
473 1972 552 2030 male
568 1971 705 2032 cedentis
720 1970 862 2044 exempla
878 1969 958 2044 lieri,
981 1986 1034 2046 pa-

49 2057 111 2115 lam
123 2055 253 2130 occidet,
268 2071 329 2116 non
345 2062 461 2116 tantum
475 2060 509 2114 ut
523 2061 650 2129 pereant
663 2055 737 2130 ipsi,
754 2055 812 2114 sed
827 2061 859 2114 ut
873 2051 950 2114 alios
965 2069 1034 2130 per-

51 2141 154 2202 eundo
174 2140 355 2200 deterreant.
386 2140 471 2200 llaec
491 2138 540 2198 cui
560 2139 766 2214 expendenda
781 2137 1063 2215 aestimandaque&

51 2231 136 2297 sunt,
154 2222 243 2284 vides
267 2239 358 2298 quam
381 2223 492 2282 debeat
513 2222 594 2282 omni
608 2223 838 2298 perturbatione
853 2222 931 2282 liber
947 2237 1034 2282 aoce-

51 2308 125 2366 dere
147 2306 189 2366 ad
207 2322 273 2368 rem
295 2322 414 2368 summa
435 2305 591 2380 diligentia
614 2307 819 2380 tractandam,
850 2313 1034 2381 potestatem

50 2389 131 2450 vitae
146 2391 302 2466 necisque.
324 2389 404 2450 lllale
418 2391 495 2450 irato
510 2390 623 2450 serrum
635 2390 840 2451 committitur.
911 2426 913 2434 ι

111 2474 178 2536 ΧΧ.
199 2474 243 2534 lle
256 2474 331 2534 illud
350 2474 473 2550 quidem
489 2473 684 2535 iudicandum
697 2481 753 2547 est,
771 2473 888 2549 aliquid
903 2475 979 2534 iram
995 2473 1060 2540 adq

53 2557 291 2632 magnitudinem
311 2558 402 2618 animi
425 2557 574 2616 conferre.
601 2574 662 2618 non
684 2565 732 2618 est
749 2557 829 2616 enim
850 2557 902 2618 illa
919 2555 1034 2630 magni-

53 2643 140 2716 tudo,
161 2650 262 2702 tumor
283 2649 339 2702 est.
373 2657 431 2702 ncc
452 2641 634 2716 corporibus
660 2641 751 2716 copia
774 2637 876 2700 vitiosi
896 2636 1033 2699 humoris

52 2726 174 2786 intentis
189 2726 314 2786 morbus
329 2727 548 2786 incrementum
563 2731 625 2798 est,
641 2724 698 2785 sed
712 2723 861 2800 pestilens
876 2723 1034 2784 abundan-

51 2807 100 2868 tia.
124 2807 236 2870 Omnes
253 2826 332 2886 quos
345 2825 456 2871 vecors
471 2809 590 2869 animus
607 2825 702 2883 supra
717 2807 919 2882 cogitationes
937 2807 1063 2872 extol-n

51 2893 83 2952 lit
102 2893 267 2967 humanas,
291 2896 384 2956 altum
405 2893 550 2970 quiddam
572 2899 602 2952 et
622 2893 751 2954 sublime
772 2892 891 2966 spirare
912 2907 948 2951 sc
970 2906 1035 2950 cre-

52 2978 139 3037 dunt:
167 2983 300 3038 ceterum
328 2977 370 3036 nil
395 2977 486 3038 solidi
513 2975 635 3050 subest,
664 2977 721 3037 sed
746 2976 776 3036 in
796 2976 915 3038 ruinam
935 2989 1036 3050 prona

51 3069 134 3134 sunt,
151 3077 231 3136 quac
251 3061 318 3122 sine
338 3061 543 3122 fundamentis
565 3076 697 3120 crevere.
726 3060 793 3120 Non
814 3059 907 3120 habet
923 3059 969 3118 ira
986 3056 1035 3116 cui

51 3143 180 3205 insistat.
213 3161 276 3206 non
296 3161 336 3205 ex
356 3145 445 3206 firmo
465 3159 674 3220 mansuroque
696 3145 805 3218 oritur,
827 3143 883 3202 sed
906 3148 1036 3202 ventosa

51 3235 78 3287 et
92 3229 191 3288 inanis
210 3235 259 3288 est
270 3235 448 3305 tantumque
462 3229 550 3288 abest
565 3227 802 3304 amagnitndinc
813 3224 920 3300 animi,
938 3241 1035 3301 quan·

51 3318 111 3372 tum
131 3328 150 3371 a
171 3311 348 3372 fortitudine
372 3309 515 3383 audacia,
543 3312 694 3373 adducis
718 3311 899 3386 insolentia,
920 3309 959 3369 ab
980 3324 1033 3369 an·

51 3396 182 3456 steritate
207 3394 344 3472 tristitia,
375 3413 394 3456 a
424 3395 586 3458 severitate
612 3396 770 3456 cudelitas.
820 3394 963 3466 Multum,
990 3393 1063 3451 in·3

53 3495 156 3553 quam,
192 3478 321 3542 interest
351 3480 428 3542 inter
456 3480 617 3542 sublimem
642 3481 775 3544 animum
799 3484 829 3538 et
853 3475 1033 3598 superbum.
