2554 3888
183 247 246 314 228
383 242 582 306 Lqmtttnut
602 240 779 304 SENECAE
800 240 902 303 ulht.
917 239 967 302 hl.

184 409 256 462 nota
273 407 339 460 erat
353 399 508 470 oondieio,
531 397 588 458 sed
603 397 739 458 mortalis
754 396 845 456 animi
860 411 934 471 spes
950 397 1055 470 avida,
1078 411 1159 472 quae

185 485 330 558 subinde,
349 483 424 560 quid
437 497 538 542 rerum
552 489 661 541 natura
675 481 727 552 sit,
744 480 931 540 obliviscitur
944 495 1002 540 nee
1013 491 1159 555 umquam
1268 547 1269 550 Ἴ

153 564 274 632 §sortis
292 581 367 629 suae
383 566 531 639 meminit,
547 563 607 626 nisi
622 575 690 624 oum
706 564 895 624 admonetur.
929 561 1036 623 Gaude
1053 563 1160 640 itaque

182 652 331 712 habuisse
346 656 378 711 te
391 656 452 710 tam
467 651 581 710 bonum
596 649 718 708 tratrem
733 655 762 706 et
773 661 864 708 usum
876 647 1069 722 tractumque
1080 648 1159 720 eius,

103 757 106 763 ·
185 729 326 812 quamvls
347 733 471 794 brevior
490 739 569 794 voto·
584 739 636 793 tuo
658 731 761 804 luerit,
790 729 863 791 boni
878 729 1014 792 consule.
1052 726 1161 804 Cogita

179 819 435 881 ‘iucundissimum
447 831 528 890 esse,
545 815 629 891 quod
640 815 787 888 habuisti,
803 813 976 888 humanum,
993 814 1077 889 quod
1088 828 1161 889 per-

184 902 298 962 didisti.
319 915 378 960 nee
391 901 472 959 enim
486 899 652 975 quiequam
666 898 766 958 minus
781 897 859 958 inter
870 913 905 959 se
919 903 1160 958 eonsentaneum

183 991 232 1046 est
253 1000 344 1060 quam
364 985 497 1059 aliquem
517 983 648 1056 moveri,
671 981 756 1058 quod
775 981 834 1042 sibi
854 981 923 1042 talis
944 980 1038 1042 irater
1051 993 1160 1056 parum

185 1070 236 1128 diu
252 1068 425 1142 contigerit,
441 1069 502 1127 non
518 1065 666 1142 gaudere,
683 1065 768 1141 quod
781 1073 881 1124 tamen
897 1062 1064 1140 eontigerit.

160 1164 173 1213 t
245 1152 295 1211 xt.
323 1153 385 1226 „Al
405 1150 573 1226 inopinanti
593 1155 717 1224 ereptus
738 1152 815 1208 est.“
847 1147 910 1209 Suo
926 1163 1079 1224 quemque
1092 1163 1159 1208 ere·
1268 1133 1269 1138 ’

186 1235 296 1296 dulites
312 1233 427 1308 decipit
442 1241 473 1294 et
486 1231 517 1294 in
530 1235 586 1306 eis,
602 1247 682 1308 quae
694 1231 797 1308 diligit,
813 1231 984 1293 voluntaria
995 1231 1161 1294 mortalita·
1268 1283 1269 1290 ,

184 1319 223 1378 tis
239 1319 368 1380 oblivio:
389 1325 497 1378 natura
516 1315 590 1378 nulli
614 1331 649 1376 se
665 1317 857 1376 necessitatis
874 1327 950 1376 suae
965 1313 1092 1390 gratiam
1114 1315 1160 1374 ia-

186 1411 300 1464 cturam
320 1417 392 1462 esse
412 1409 523 1462 testata
542 1407 599 1461 est.
633 1399 749 1462 Cotidie
775 1409 896 1474 praeter
910 1398 1018 1462 oeulos
1033 1405 1160 1459 nostros
1268 1435 1269 1446 t

84 1497 86 1506 ’
185 1493 344 1546 transeunt
358 1491 499 1546 notorum
509 1485 744 1560 ignotorumque
756 1484 872 1544 lunera.
894 1499 952 1544 nos
965 1481 1163 1544 temenaliud
1268 1531 1269 1538 ,

186 1571 304 1644 agimus
320 1577 350 1629 et
364 1569 497 1628 subitum
511 1567 544 1627 id
558 1573 700 1642 putamus
715 1581 802 1642 esse,
820 1567 905 1641 quod
919 1565 1008 1628 nobis
1025 1573 1087 1628 tota
1097 1563 1162 1626 vlla

187 1652 381 1713 denuntiatur
402 1653 543 1712 futurum.
576 1664 638 1710 non
654 1655 701 1711 est
714 1648 819 1724 itaque
832 1651 891 1712 ista
905 1651 1036 1712 latorum
1049 1649 1161 1724 iniqui·
1268 1645 1269 1656 ’

159 1728 164 1736 ’
185 1743 248 1812 tus,
265 1736 322 1796 sed
333 1735 443 1795 mentis
454 1735 605 1795 humanae
617 1735 751 1810 pravitas
762 1733 941 1796 insatiabilis
955 1733 1161 1794 rerumomni-

186 1835 251 1892 um,
273 1832 352 1895 quae
365 1817 539 1896 indignatur
553 1817 625 1878 iude
639 1829 675 1879 se
689 1819 788 1892 exire,
811 1834 873 1893 quo
885 1818 1021 1878 adinissu
1032 1825 1080 1878 est
1091 1831 1161 1891 pre-

158 1901 279 1964 toario.
313 1909 379 1977 [llo]
403 1901 520 1978 Quanto
541 1903 592 1962 ille
608 1903 733 1975 iustior,
758 1904 810 1976 qui
833 1903 968 1963 nuntiata
989 1901 1042 1960 fllii
1062 1905 1162 1960 morte

187 1987 311 2062 dignam
331 2003 441 2062 magno
463 1987 530 2046 viro
551 1997 660 2046 vocem
680 1983 798 2045 emisil=
831 2001 901 2060 ego
929 2001 1007 2046 oum
1028 1984 1161 2060 genui,

188 2077 267 2130 tum¹
280 2069 503 2130 moriturum
527 2069 636 2129 solvi.
669 2069 802 2129 Prorsus
822 2085 883 2130 noo
905 2069 1079 2142 mirerisex
1100 2067 1162 2128 hoe
1268 2125 1269 2146 2

188 2160 292 2212 natum
311 2167 397 2225 esse,
426 2153 479 2227 qui
500 2153 618 2213 lortiter
637 2152 714 2213 morl
735 2161 851 2227 posset.
873 2169 936 2214 non
951 2151 1072 2227 aceepit
1085 2159 1161 2212 lam-

189 2251 281 2311 quam
300 2248 413 2296 novum
434 2235 571 2322 ntfflium
590 2235 644 2296 ulit
664 2245 806 2296 mortem:
836 2235 911 2311 quid
925 2243 980 2296 est
994 2236 1073 2295 enim
1088 2235 1163 2294 novi
1268 2279 1269 2282 ,

188 2317 341 2378 hominem
361 2321 453 2394 mori,
475 2319 562 2380 ouius
580 2326 644 2381 toto
657 2320 718 2380 vlla
732 2319 806 2380 nihil
820 2319 902 2380 aliud
918 2335 1009 2396 quarn
1025 2319 1065 2378 ud
1079 2332 1162 2378 mor-

187 2411 247 2462 tem
272 2401 328 2463 iter
353 2409 421 2464 esti
451 2403 529 2478 Ego
563 2417 643 2464 aum
668 2405 799 2478 genui,
832 2413 907 2464 lum
934 2401 1163 2463 moriturum

160 2486 299 2552 3soivi.
332 2487 449 2548 Deinde
470 2487 581 2547 adiecit
594 2501 658 2546 rem
673 2487 798 2548 maioris
814 2495 844 2548 el
858 2487 1037 2563 prudentiae
1052 2491 1082 2544 et
1096 2483 1163 2545 ani·

189 2571 243 2629 mi:
276 2577 312 2630 et
339 2571 426 2631 huie
453 2571 509 2630 rei
538 2571 691 2632 sustuli.
731 2570 843 2632 Omnes
862 2569 933 2632 huie
953 2567 998 2630 rei
1017 2567 1163 2631 tollimur.
1268 2561 1269 2628 j

191 2655 333 2730 quisquis
347 2653 387 2714 ad
401 2656 491 2716 vitam
506 2655 617 2728 editur,
633 2654 673 2714 ad
683 2662 811 2716 mortem
823 2655 999 2715 destinatur.
1022 2651 1163 2714 Gaudea—
1268 2695 1269 2706 2

189 2753 259 2796 mus
280 2753 333 2811 eo,
360 2739 445 2814 quod
465 2738 599 2814 dabitur,
620 2739 849 2814 reddamusque
863 2737 910 2814 id,
932 2751 1001 2798 enm
1014 2747 1162 2814 reposue-

189 2836 266 2880 mur.
302 2820 395 2882 alium
416 2823 476 2882 alio
492 2829 629 2898 tempore
643 2823 705 2883 iata
719 2821 987 2898 comprehendent,
1010 2819 1163 2882 neminem

190 2905 407 2980 praeteribunt.
440 2908 470 2966 in
490 2905 649 2982 procinctu
670 2913 729 2967 slei
749 2907 868 2968 animus
889 2912 919 2966 et
940 2903 986 2980 ld,
1008 2906 1092 2982 quod
1109 2919 1162 2966 ne-

191 3001 281 3048 eesse
295 2993 357 3061 est,
381 3002 546 3062 numquam
559 2990 676 3062 timeat,
698 2989 782 3065 quod
796 2991 943 3050 incertum
955 2997 1016 3064 est,
1039 3001 1163 3064 semper

162 3078 358 3146 aexspeutet.
395 3072 479 3146 Quid·
493 3072 592 3132 diuam
613 3074 708 3134 duces
733 3074 908 3150 ducumque
932 3071 1111 3149 progeniem
1133 3079 1164 3133 et

189 3155 292 3214 ntultls
312 3162 364 3215 aul
383 3156 592 3218 consulatibus
614 3157 801 3232 conspicuos
822 3163 875 3218 aut
894 3156 1055 3232 triumphis
1079 3161 1163 3216 sorte
1268 3153 1269 3156 ’

190 3237 353 3298 defunctos
366 3237 569 3300 inexorabilis
590 3247 654 3302 tota
668 3257 736 3301 oum
750 3240 875 3316 regibus
886 3257 981 3316 regnu
992 3240 1163 3316 populique

191 3333 258 3380 eum
273 3325 329 3392 [re]
340 3323 481 3394 gentibus
492 3325 588 3385 tulere
600 3325 692 3385 latum
704 3341 808 3384 sauma
831 3341 947 3398 omneS,
958 3325 1048 3384 imino
1061 3320 1164 3383 omnia

190 3404 224 3460 in
235 3403 373 3464 ultimum
387 3405 468 3465 diem
483 3415 642 3482 spectant·
665 3408 732 3468 Non
752 3408 833 3468 idem
846 3408 999 3470 universis
1018 3407 1088 3468 finis
1105 3412 1163 3466 est.

192 3485 282 3547 alium
294 3487 437 3549 inmedio
450 3503 542 3552 eursu
552 3492 614 3552 vita
625 3492 748 3567 deserit,
763 3492 855 3553 elium
866 3493 895 3552 in
904 3489 1163 3568 ipsoaditurelin·
