2528 3906
194 285 236 348 82
483 282 515 338 L.
539 279 686 339 ANNAEI
708 278 883 340 SENECAE

193 447 223 499 et
241 451 278 494 ea
292 435 481 508 deprimens,
497 447 578 507 quae
591 431 684 506 mergi
700 431 758 490 nisi
772 446 841 490 cum
855 440 1010 506 mergente
1023 449 1084 494 non
1100 449 1177 508 pos-

166 525 275 581 ssunt.
315 517 392 590 Quid
414 521 508 590 ergol
536 531 644 574 sanum
664 514 744 574 bunc
766 513 875 588 aliquis
892 524 998 589 vocat,
1023 517 1075 590 qui
1090 520 1177 577 velut
1260 571 1261 590 ,

195 607 375 677 tempestate
397 605 557 673 correptus
581 615 642 657 non
664 597 686 656 it
710 598 766 657 sed
791 599 891 672 agitur
910 606 940 658 ct
959 599 1070 660 furenti
1091 602 1175 659 nralo

195 685 310 745 servit?
328 699 384 742 nec
402 682 525 741 mandat
537 680 682 742 ultionem
697 697 793 755 suani,
809 681 863 740 sed
879 682 947 756 ipse
962 679 1027 742 cius
1045 691 1177 742 exactor

195 767 295 827 animo
312 767 400 826 simul
413 781 448 825 ac
459 781 551 824 manu
563 763 661 824 saeuit
672 764 898 824 carissimorum
910 781 1077 841 eorumque
1091 783 1174 840 quae

166 859 266 912 tmox
280 849 393 909 amissa
409 847 536 908 licturus
554 855 609 922 est,
626 847 782 907 carnifex?
800 847 879 908 hunc
894 849 1003 924 aliquis
1017 851 1173 910 adlectum

193 933 294 994 uirtuti
314 933 482 992 adiutorem
503 932 705 1007 comitemque
725 931 790 1004 dat,
819 932 947 992 consilia
971 933 1038 992 sine
1059 933 1173 1007 quibus

194 1019 289 1076 virtus
303 1013 375 1075 riibil
388 1016 473 1090 gerit,
489 1015 720 1076 obturbantem?
739 1013 874 1074 caducae
886 1015 1087 1092 sinistraeque
1100 1024 1175 1076 sunt

195 1101 273 1160 vires
290 1098 363 1160 etin
378 1099 489 1158 malum
506 1115 593 1159 suum
609 1099 743 1172 validae,
768 1099 798 1156 in
814 1114 891 1174 quas
906 1113 1030 1173 aegrum
1045 1101 1172 1160 morbus

165 1191 224 1247 net
240 1183 379 1260 accessio
395 1181 499 1242 erexit
530 1181 597 1243 Non
619 1190 666 1242 est
686 1197 758 1256 ergo
781 1181 865 1260 quod
883 1197 931 1241 me
945 1189 1034 1257 putes
1049 1191 1172 1258 tempus

193 1267 221 1325 in
238 1266 439 1340 supervacuis
454 1280 644 1338 consumere,
662 1266 746 1340 quod
760 1265 843 1339 iram,
860 1265 947 1339 quasi
962 1265 1073 1326 dubiae
1087 1268 1173 1342 apud

193 1350 331 1411 homines
347 1348 500 1425 opinionis
515 1350 562 1422 sit,
578 1349 728 1421 infamem,
744 1364 812 1407 curn
828 1348 938 1424 aliquis
952 1349 991 1410 sit
1002 1356 1032 1408 et
1046 1351 1173 1425 quidem

193 1435 232 1492 de
249 1434 427 1493 inlustribus
442 1432 651 1508 philosophis,
673 1431 726 1506 qui
740 1431 782 1490 illi
797 1431 909 1492 indicat
924 1449 1035 1508 operas
1051 1440 1082 1494 et
1095 1440 1167 1494 tam

194 1533 284 1591 quam
304 1517 406 1576 utilem
430 1532 466 1574 ac
487 1516 610 1590 spiritus
633 1515 908 1581 subministrantem
928 1516 956 1574 in
981 1516 1113 1591 proelia,
1140 1518 1171 1576 iu

110 1633 113 1640 ·
192 1607 279 1659 actus
297 1615 413 1672 rerum,
435 1599 475 1657 ad
490 1615 579 1659 omne
594 1599 811 1674 quodcumque
828 1600 928 1660 calore
943 1601 1045 1676 aliquo
1061 1615 1169 1674 geren-

165 1683 264 1752 adum
281 1687 337 1756 cst,
353 1689 450 1742 vocet.
477 1681 521 1742 Ne
536 1699 625 1758 quem
639 1683 721 1741 fallat
736 1689 888 1758 tamquam
903 1683 1004 1758 aliquo
1021 1691 1172 1758 tempore,

193 1765 295 1839 aliquo
312 1765 384 1826 loco.
402 1765 575 1840 protutura,
596 1765 787 1826 ostendenda
807 1772 854 1826 est
874 1764 977 1841 rabies
997 1767 1062 1826 eius
1078 1766 1160 1826 effre·

193 1857 263 1908 nata
288 1857 317 1908 et
337 1849 473 1908 adtonita
496 1849 723 1925 adparatusque
749 1849 790 1908 illi
814 1849 991 1910 reddendus
1011 1857 1060 1910 est
1081 1867 1170 1922 suus,

193 1933 290 1992 eculei
311 1941 340 1993 et
361 1933 503 1992 fidiculae
523 1941 562 1994 'et
582 1932 736 2008 ergastula
757 1939 787 1992 et
810 1948 918 1992 cruces
940 1940 971 1993 et
991 1931 1172 1994 circumdati

193 2017 327 2078 defossis
354 2015 536 2090 corporibus
561 2017 648 2092 ignes
673 2022 708 2076 et'
724 2016 874 2076 cadavera
898 2015 1023 2093 qudque
1043 2016 1171 2078 trahens

192 2115 305 2173 uncus,
327 2099 412 2158 varia
427 2097 619 2160 vinculorum
639 2113 767 2175 genera,
786 2099 870 2160 varia
886 2117 1066 2174 poenarum,
1088 2103 1167 2161 lace·
1260 2131 1261 2168 t

173 2182 325 2243 ‘rationes
346 2181 565 2256 membrorum,
583 2181 800 2259 inscriptiones
823 2184 929 2244 ironiis
951 2193 980 2244 et
1003 2185 1172 2244 bestiarum
1260 2217 1261 2236 κ

192 2265 355 2325 inmanium
374 2282 496 2326 caveae.
529 2267 605 2326 inter
620 2267 695 2326 baec
717 2268 915 2328 instrumenta
930 2269 1105 2328 conlocetur
1122 2269 1170 2327 ira
1260 2323 1261 2332 ,

193 2341 290 2409 dirum
314 2349 458 2425 quiddam
480 2357 572 2426 atque
593 2351 749 2411 horridum
772 2351 922 2426 stridens,
950 2351 1090 2412 omnibus
1113 2368 1172 2426 per

194 2449 271 2508 quae
290 2433 359 2493 iurit
373 2434 486 2494 tetrior.
644 2491 647 2496 .

165 2527 179 2579 1
255 2517 306 2577 lV.
332 2518 371 2578 Ut
382 2517 420 2576 de
433 2519 541 2578 ceteris
555 2517 739 2592 dubiumst,
756 2517 829 2578 nulli
842 2525 923 2578 certe
936 2519 1068 2579 adfectui
1081 2519 1172 2592 peior

192 2607 239 2660 est
252 2603 360 2674 voltus,
378 2617 467 2676 quem
482 2602 511 2661 in
526 2602 679 2677 prioribus
694 2602 777 2662 libris
791 2601 1010 2677 descripsimus
1023 2617 1171 2678 asperum

192 2689 221 2744 et
236 2701 336 2746 acrem
353 2693 382 2746 et
396 2701 477 2745 nunc
492 2686 643 2747 subducto
662 2693 815 2754 retrorsus
836 2685 1003 2762 fugatoque
1019 2687 1172 2759 sunguine
1260 2737 1261 2746 ,

192 2768 367 2842 pallentem,
391 2785 472 2828 nunc
489 2770 519 2829 in
541 2785 577 2830 os
593 2769 674 2828 omni
690 2769 792 2830 calore
806 2784 843 2828 ac
860 2767 968 2844 spiritu
988 2785 1079 2829 verso
1096 2769 1170 2829 sub·
1260 2831 1261 2848 ἶ

192 2849 394 2911 rubicundum
409 2861 439 2911 et
455 2853 581 2912 similem
597 2860 732 2926 cruento,
747 2851 835 2912 venis
851 2853 1050 2924 tumentibus,
1069 2853 1171 2912 oculis
1260 2869 1261 2894 t

192 2949 272 2994 nunc
286 2934 413 3010 trepidis
429 2943 459 2996 et
472 2936 697 3009 exsilientibus,
713 2935 839 2998 nuncin
855 2951 917 2995 uno
934 2936 1041 2996 obtutu
1057 2935 1172 2996 detixis
1260 2985 1261 2988 ,

163 3024 221 3082 aet
243 3017 446 3078 haerentibus.
485 3019 573 3079 adice
598 3019 733 3079 dentium
753 3021 831 3078 inter
856 3034 891 3078 se
918 3019 1114 3079 arietatorum
1141 3027 1173 3078 et

192 3101 324 3176 aliquem
338 3115 409 3161 csse
423 3101 607 3176 cupientium
621 3119 681 3164 non
698 3102 787 3162 alium
800 3119 910 3162 sonum
922 3119 1013 3178 quam
1026 3108 1074 3162 cst
1084 3103 1171 3177 apris

193 3185 252 3244 tela
267 3201 323 3245 sua
338 3185 448 3244 adtritu
462 3185 651 3246 acuentibus.
685 3185 772 3246 adice
793 3185 988 3246 articulorum
1011 3185 1170 3260 crepitum,

194 3283 261 3326 cum
276 3267 409 3342 seipsae
425 3285 533 3328 manus
549 3270 691 3344 frangunt
704 3275 733 3330 et
745 3271 899 3344 pulsatum
911 3269 1036 3344 saepius
1051 3277 1172 3344 pectus,

194 3351 345 3411 anhelitus
361 3351 486 3412 crebros
501 3359 677 3429 tractosque
689 3353 779 3412 altius
792 3353 931 3428 gemitus,
947 3351 1089 3412 instabile
1103 3369 1171 3414 cor-

195 3451 268 3509 pus,
301 3433 415 3494 incerta
439 3436 533 3495 verba
558 3436 666 3496 subitis
693 3435 982 3511 exclamationibus,
1009 3439 1173 3498 trementia

176 3517 278 3578 'labra
298 3517 510 3594 interdumque
531 3533 700 3593 conpressa
722 3526 752 3579 et
774 3520 871 3580 dirum
892 3515 1037 3595 quiddam
1054 3521 1171 3580 exsibi-
