2546 3890
237 233 302 297 aaa
526 233 559 292 a.
580 189 728 293 anunm
751 187 926 293 sansana

236 391 310 443 illum
329 389 490 456 adfectareJ.
525 385 632 458 ltaque
651 399 689 442 ne
710 384 818 444 videar
837 384 867 443 in
891 398 1072 459 personam,
1095 401 1160 446 non
1184 384 1211 445 in

236 485 302 529 rem
317 469 420 529 dicere
441 468 636 540 sententiam,
660 483 788 542 censeo,
809 483 848 526 ne
863 468 932 543 quis
948 476 1020 542 post
1033 466 1116 529 buno
1132 469 1213 531 diem

237 554 315 612 deus
336 551 390 612 fiat
409 567 448 611 ex
469 551 533 624 bis,
559 547 611 626 qui
624 541 771 649 aganippe
786 542 918 628 καρπὸν
931 549 1082 628 ἔδουσιν,
1105 561 1161 614 aut
1175 569 1213 612 ex

236 635 301 709 his,
322 651 401 710 quos
416 635 469 696 alit
483 631 634 712 ζείδωρος
643 653 782 712 αρουρα.
816 632 873 707 Qui
889 643 995 694 contra
1010 635 1069 695 boc
1084 645 1214 698 senatus

238 721 410 780 consultum
431 719 508 778 deus
531 719 644 790 factm,
671 717 773 778 dictus
795 717 934 793 pictusve
956 719 1027 790 erit,
1053 734 1124 778 eum
1141 719 1215 780 dedi

237 803 330 862 larvis
350 807 381 862 et
399 802 539 876 proximo
559 817 685 860 munere
704 799 781 860 inter
801 817 900 862 novos
914 809 1089 862 auctoratos
1105 803 1214 862 lendis

207 886 384 960 evapulare
396 885 525 959 plaeet“
546 884 707 945 Proximus
718 882 919 958 interrogatur
930 884 1109 946 sententiam
1124 885 1213 945 Dies-

239 967 332 1044 piter,
358 969 455 1028 Vicae
476 967 569 1028 Potae
590 967 685 1042 filius,
712 974 742 1026 et
760 965 829 1043 ipse
845 967 1022 1042 designatus
1039 969 1109 1029 Cos.
1126 985 1213 1030 num-

237 1048 426 1112 mulariolus.
448 1051 507 1111 hoc
519 1057 650 1126 quaestu
661 1067 695 1110 se
706 1050 883 1124 sustinebat,
896 1052 1030 1112 vendere
1039 1051 1214 1112 civitatulas

238 1135 367 1196 solebat.
402 1135 452 1194 Ad
472 1134 552 1196 bunc
572 1134 651 1194 belle
672 1134 804 1196 accessit
823 1135 971 1196 Hercules
991 1142 1022 1195 et
1042 1135 1214 1196 auriculam

209 1219 279 1289 silli
293 1219 396 1293 tetigit.
419 1225 524 1278 censet
538 1217 641 1294 itaque
655 1218 685 1278 in
697 1217 774 1278 haec
785 1218 895 1279 verbor
917 1219 1012 1292 „Cum
1024 1219 1114 1280 divus
1124 1219 1213 1280 claa-

237 1301 308 1362 dius
328 1309 358 1362 et
378 1301 482 1364 divum
504 1304 677 1376 Augustum
697 1301 847 1376 sanguine
868 1302 1023 1382 contingat
1035 1318 1092 1362 neo
1108 1304 1214 1362 minus

237 1386 339 1446 divam
360 1387 545 1460 angustam,
572 1386 671 1444 aviam
692 1400 795 1458 suam,
824 1401 916 1461 quam
936 1385 1005 1460 ipse
1027 1385 1118 1446 deam
1137 1402 1213 1448 esse

159 1533 164 1545 ,
236 1468 340 1542 iussit,
361 1471 514 1544 longeque
535 1483 641 1529 omnes
657 1471 799 1530 mortales
814 1470 964 1545 sapientia
977 1470 1139 1530 antecellat
1158 1471 1212 1532 sit-

238 1569 299 1628 que
313 1568 331 1612 e
344 1551 500 1628 republica
515 1567 586 1612 esse
602 1551 749 1628 aliquem,
771 1553 823 1628 qui
837 1569 906 1614 cum
920 1553 1050 1614 Romulo
1067 1553 1171 1628 possit

529 1636 679 1708 feruentia
692 1653 770 1712 rapa
782 1653 904 1698 vorare:

237 1735 365 1792 censeo,
380 1725 414 1779 ut
424 1718 513 1780 divus
526 1719 670 1781 Claudius
685 1735 724 1780 ex
737 1720 796 1780 hac
807 1717 857 1780 dic
868 1719 945 1780 deus
957 1720 1010 1794 sit,
1031 1720 1073 1781 ita
1083 1721 1127 1780 uti
1139 1727 1214 1780 ante
1265 1781 1266 1790 ,

236 1819 304 1864 eunt
318 1803 388 1879 quis
400 1802 514 1878 optimo
526 1804 591 1863 iure
605 1805 702 1863 iaetus
714 1805 766 1876 sit,
780 1818 909 1878 mmque
920 1819 984 1862 rem
995 1803 1036 1864 ad
1046 1811 1211 1864 metamor-

87 1899 96 1904 ”
207 1887 343 1962 apbosis
367 1885 466 1948 Ovidii
486 1887 706 1948 adiciendam.“
743 1887 856 1947 Variae
878 1894 963 1946 erant
990 1888 1161 1948 sentcntiae
1182 1895 1213 1947 et

238 1971 397 2032 videbatur
417 1970 561 2032 Claudius
583 1971 761 2032 sententiam
781 1969 914 2031 vincere
950 1970 1098 2031 Hercules
1119 1971 1214 2045 enim,

237 2054 290 2128 qui
310 2055 429 2114 videret
449 2055 562 2116 serrum
582 2071 672 2114 suum
692 2055 721 2114 in
738 2056 806 2128 igne
822 2070 908 2126 esse,
931 2055 1024 2114 modo
1039 2054 1099 2116 huc
1115 2055 1212 2114 modo

236 2138 308 2197 illuc
328 2137 471 2197 cursabat
491 2145 521 2197 et
542 2137 657 2198 aiebat:
692 2137 780 2211 „Noli
799 2138 871 2198 mihi
892 2136 1045 2210 invidere,
1071 2153 1140 2198 mea
1158 2153 1214 2198 res

236 2221 344 2294 agitur.
366 2220 477 2280 deinde
488 2228 520 2281 tu
531 2221 558 2280 si
570 2219 644 2296 quid
657 2219 801 2298 volueris,
816 2221 946 2282 invicem
958 2221 1083 2282 iaciam=
1098 2237 1214 2282 manus

235 2319 358 2364 manum
374 2304 485 2366 lavat.“

207 2401 223 2454 l
297 2387 333 2446 X.
363 2386 447 2448 Tunc
471 2386 563 2448 divus
584 2389 743 2462 Augustus
768 2390 901 2450 surrexit
924 2389 1093 2452 sententiae
1115 2405 1212 2451 causo

234 2474 304 2534 loeo
320 2471 468 2531 dicendae
479 2479 509 2532 et
523 2488 640 2532 summa
652 2472 795 2534 facundia
806 2473 963 2534 disseruit:
984 2472 1085 2547 „aga
1100 2472 1212 2546 inquit,

234 2555 266 2616 P.
276 2556 316 2630 C.‚
334 2571 390 2616 vos
404 2561 498 2616 testes
513 2555 627 2631 babeo,
648 2573 764 2633 exque
780 2557 858 2618 deus
874 2556 973 2618 iaetus
988 2573 1071 2630 snm,
1092 2556 1212 2614 nullum
1264 2569 1265 2638 ζ

196 2695 200 2704 .
234 2657 284 2700 me
299 2638 425 2700 verbum
442 2638 564 2700 iecisse.
592 2655 715 2716 semper
729 2641 997 2716 meumnegotium
1011 2655 1080 2714 ago.
1101 2645 1132 2699 et
1146 2654 1212 2698 non

235 2739 364 2798 possum
376 2723 507 2798 amplius
519 2723 712 2784 dissimulare
724 2732 755 2785 et
765 2724 918 2799 dolorem,
933 2739 1023 2800 quem
1034 2722 1212 2798 graviorem

206 2808 336 2882 apudor
356 2807 441 2881 iacit,
461 2808 626 2868 continere.
658 2809 691 2868 ln
707 2808 766 2868 hoo
781 2816 861 2869 terra
875 2809 1014 2883 marique
1029 2821 1137 2884 pacem
1155 2821 1210 2878 pe-

234 2893 323 2966 perit
348 2890 419 2950 ideo
440 2890 541 2950 civilia
554 2891 635 2952 bella
648 2891 837 2967 conpescuit
859 2892 930 2952 ideo
944 2891 1084 2966 „legibus
1098 2887 1211 2952 urbem

235 2972 397 3049 lundavi,“
411 2973 557 3050 operibus
572 2975 694 3048 amavi,
710 2983 743 3036 ut
755 3009 799 3022 —-
813 2975 887 3052 quid
901 2975 1015 3054 dicam,
1035 2976 1069 3036 P.
1083 2975 1125 3048 Cu
1144 2989 1210 3032 non

234 3059 372 3119 invenio:
398 3058 503 3120 omnia
521 3056 600 3118 inira
618 3057 857 3134 indignationem
877 3060 973 3120 verba
990 3067 1070 3122 sunt.
1100 3057 1210 3120 contu-

234 3143 379 3217 giendum
397 3148 446 3202 est
461 3143 564 3218 itaque
579 3148 610 3216 [a
624 3145 683 3221 me]
699 3144 739 3204 ad
751 3144 905 3206 Messalae
920 3142 1043 3205 Corvini
1058 3141 1209 3216 [disertis-
1263 3191 1264 3210 ,

204 3223 302 3286 asim
316 3224 385 3298 viri]
401 3226 482 3286 illam
497 3227 692 3288 sententiam=
709 3228 804 3303 pudet
817 3231 942 3304 imperii.
963 3229 1034 3298 Hic,
1050 3227 1084 3298 Ρ.1
1097 3225 1139 3296 C„
1156 3225 1210 3298 qui

234 3307 323 3369 vobis
336 3325 397 3368 non
414 3325 509 3384 posse
525 3310 645 3371 videtur
658 3325 794 3371 muscam
810 3312 958 3384 excitare,
978 3317 1040 3372 anm
1050 3309 1139 3368 lacile
1152 3307 1210 3366 ho-

234 3391 331 3450 mines
347 3391 508 3454 occidebat
522 3410 611 3470 quam
627 3393 712 3454 canis
726 3394 848 3454 excidit.
869 3393 936 3454 Sed
951 3395 1025 3470 quid
1040 3407 1098 3468 ego
1113 3391 1153 3451 de
1165 3399 1212 3452 tot

233 3491 271 3536 ac
285 3473 396 3536 talibus
410 3474 484 3536 viris
500 3477 619 3537 dieaml
640 3493 701 3538 non
716 3484 806 3539 vacat
819 3477 935 3540 deilere
947 3477 1088 3556 publicas
1099 3474 1210 3538 clades
