2528 3906
189 241 244 299 ΑΙ)
264 237 446 298 MARCIAM
466 235 838 299 Du'coltstltnllelllt.
864 243 905 297 19.
920 243 963 296 20.
1002 233 1063 298 ldt

87 387 210 462 publica
229 387 334 446 clades
351 384 550 461 prospicitur,
572 387 654 444 nulla
675 386 801 460 privata.
829 403 890 448 noo
913 386 1063 452 sollicitus

86 471 176 530 luturi
185 473 335 545 pendetet
345 485 384 528 ex
395 477 506 530 eventu
517 484 638 544 semper
650 469 681 532 in
694 469 856 530 incertiora
867 467 1063 544 dependenti.

85 555 209 614 undem
223 553 265 613 ibi
279 551 423 627 constitit,
437 552 518 611 unde
531 553 573 611 nil
587 567 654 612 eum
670 553 772 628 pellat,-
787 551 840 613 ubi
853 551 926 613 nihil
942 559 1062 612 terreat.

147 637 210 696 XX.
234 637 708 710 Oignarosmalorum'suorum,
731 635 841 708 quihus
858 652 918 696 aon
934 652 1017 696 mors
1032 642 1094 696 utl

86 719 232 796 optimum
248 721 404 779 inventum
418 727 544 780 naturae
559 719 699 780 laudatur
712 726 980 794 exspectaturque,
995 718 1064 790 sius
1134 717 1136 720 ’

86 804 258 864 felicitatem
277 803 411 877 includit,
432 801 499 862 sive
521 802 720 864 calamitatem
733 801 862 876 repellit,
884 803 950 864 sive
971 801 1068 865 satta·

85 895 176 947 tatem
190 902 227 946 aa
241 887 451 946 lassitudinem
469 887 554 946 senls
564 886 711 956 terminat,
727 885 794 946 sive
809 885 941 946 iuvenile
953 901 1063 946 aevum

85 971 157 1029 dum
172 971 298 1030 meliora
318 975 488 1044 sperantur,
511 968 542 1028 in
563 966 641 1029 llore
662 969 794 1041 deducit,
816 970 883 1029 sive
903 968 1063 1044 pueritiam

84 1059 154 1112 ante
170 1052 434 1126 duriores-gradus
449 1058 583 1125 revocat,
599 1052 740 1112 omnibus
754 1051 833 1124 finis,
848 1053 950 1114 mullis
965 1067 1062 1112 reme-

85 1137 177 1208 dium,
194 1135 378 1210 quibusdam
392 1143 506 1208 votum,
521 1136 560 1194 de
572 1135 662 1196 nullis
676 1135 785 1196 melius
796 1137 901 1197 merita
917 1153 1008 1210 quam
1023 1136 1063 1194 de

84 1219 133 1290 iis,
146 1220 187 1278 ad
209 1235 288 1294 quos
310 1219 392 1278 venit
411 1227 574 1291 antequam
593 1219 800 1279 invocarelun
827 1219 911 1280 Haec
932 1218 1092 1282 servitu-2

83 1308 143 1360 tem
158 1302 255 1362 invito
268 1302 392 1362 domino
413 1301 542 1362 remittit.
565 1301 642 1362 haec
663 1301 852 1375 captivorum
872 1308 997 1362 catenas
1020 1305 1061 1361 le-

82 1392 141 1444 vat.
165 1385 243 1444 haec
258 1401 275 1443 e
290 1384 537 1445 earcere‘eduoit
551 1401 630 1459 quos
645 1381 729 1462 exire
744 1385 902 1459 imperium
917 1385 1061 1460 inpotens

82 1475 230 1528 vetuerat.
260 1467 493 1542 haeovexulibus
509 1467 538 1526 in
555 1467 683 1543 patriam
703 1482 826 1542 semper
841 1469 973 1528 antinum
989 1483 1061 1528 oeu-

83 1551 195 1626 losque
215 1550 409 1610 tendentibus
431 1549 564 1626 ostendit
588 1551 661 1611 nihil
680 1549 846 1623 interesse,
876 1552 955 1611 iufra
978 1551 1061 1624 quod

84 1634 154 1708 quis
164 1635 276 1694 iaceat.
293 1634 383 1694 vhaec
396 1635 457 1708 ubi,
475 1650 527 1694 res
542 1635 712 1696 eommunis
726 1636 848 1694 fortuna
863 1636 941 1694 male
959 1634 1063 1694 divisit

83 1725 113 1776 et
127 1733 231 1792 aequo
245 1718 311 1777 iure
324 1717 445 1792 genitos
458 1718 548 1778 alium
564 1716 615 1776 alii
630 1719 764 1789 donavit,
782 1725 935 1792 exaequat
949 1717 1060 1777 omnia.

82 1801 160 1860 haec
175 1809 231 1874 est,
255 1809 325 1874 post
340 1817 430 1874 quam
445 1800 696 1876 nihilquisquam
715 1799 815 1860 alieno
837 1801 907 1860 lecit
927 1800 1060 1862 arbitrio.

83 1884 159 1942 haec
175 1891 235 1955 est,
247 1884 276 1942 in
293 1901 354 1958 qua
368 1900 458 1944 nemo
472 1883 668 1944 humilitatem
684 1899 770 1944 suam
785 1885 891 1946 sensit
913 1883 991 1942 haee
1005 1891 1060 1954 est,

84 1981 164 2040 quae
178 1966 254 2026 nulli
268 1983 330 2026 non
344 1967 449 2042 patuit
478 1967 555 2026 haec
570 1974 626 2041 est,
637 1967 760 2039 Marcia,
775 1981 866 2040 quam
885 1973 975 2041 pater
990 1973 1061 2026 tuus

10 2077 12 2088 ·
83 2051 248 2124 concupiit.
280 2050 357 2110 haec
379 2057 442 2120 est,
464 2048 596 2124 inquam,
618 2066 698 2126 quae
719 2050 871 2122 alliciant
893 2050 979 2110 nasci
998 2065 1061 2110 nou

82 2133 121 2191 sit
141 2131 340 2208 suppliciam,
364 2149 444 2209 quae
465 2133 570 2204 elficit,
593 2142 627 2194 ut
640 2145 702 2196 lton
724 2131 885 2199 concidam
908 2133 1076 2200 adversus,

82 2217 181 2275 minas
198 2231 339 2288 casuum,
361 2225 531 2277 utservere
554 2216 685 2278 animum
708 2219 827 2278 salvum
847 2233 884 2276 ac
904 2213 1061 2290 potentem

82 2300 128 2358 sui
142 2298 278 2374 passim:
293 2299 392 2360 habeo
407 2299 783 2374 quodadpellem,video
793 2298 865 2362 istic
877 2315 986 2368 cruces
1000 2308 1092 2362 nona

81 2383 172 2442 unius
189 2383 312 2457 quidem
329 2382 460 2456 generis,
476 2382 533 2446 sed
551 2381 637 2442 aliter
658 2383 697 2442 ab
716 2383 783 2444 aliis
806 2383 985 2448 fabricatas:
1008 2399 1057 2448 ea-

82 2467 143 2540 pite
166 2464 289 2541 qaidam
311 2480 480 2527 conversos
504 2466 675 2526 interram
695 2466 902 2540 suspendere,
933 2465 984 2524 alii
1004 2481 1059 2539 per·

81 2550 240 2610 obscoena
254 2547 387 2622 stipitem
401 2555 537 2622 egerunt,
554 2548 604 2607 alii
619 2547 744 2608 brachia
756 2547 890 2622 patibula
903 2547 1058 2622 explicue·

79 2639 160 2690 runt.
181 2632 271 2692 video
287 2633 435 2702 fidiculas,
450 2631 541 2692 video
557 2631 694 2692 verbera.
717 2639 746 2690 et
757 2629 907 2690 membris
929 2631 1059 2704 singulis

80 2724 109 2774 et
123 2714 262 2778 articulis
276 2715 397 2790 singula
417 2715 588 2774 docuerant
601 2714 856 2774 machinamenta:
874 2721 910 2782 ¹at
924 2714 1014 2774 video
1029 2722 1062 2774 et·

79 2805 218 2858 mortem.
241 2805 311 2858 sont
324 2797 393 2858 istic
407 2796 513 2862 hostes
525 2797 654 2872 cruenti,
676 2795 761 2858 cives
776 2797 915 2872 superbia
936 2797 1000 2859 sed.
1014 2797 1058 2856 vi-

79 2881 139 2941 deo
154 2881 223 2942 istic
239 2887 270 2940 et
283 2888 420 2944 mortem.
441 2881 507 2939 Non
523 2887 571 2940 est
582 2882 744 2946 molestum
756 2881 880 2953 servire,
896 2881 949 2940 ubi
964 2881 990 2940 si
1003 2882 1057 2941 do-

78 2962 152 3023 mini
166 2971 342 3038 pertaesum
353 2972 408 3036 est,
424 2964 494 3038 licet
505 2979 565 3024 uno
577 2964 673 3038 gradu
685 2963 723 3024 ad
738 2963 906 3026 libertatem
917 2965 1056 3030 transire.

78 3053 228 3119 caramte,
242 3047 311 3120 vita,
323 3046 473 3108 beneficio
484 3047 587 3107 mortis
597 3045 703 3106 habeo.
721 3047 769 3106 Ca
779 3047 858 3120 gita
873 3055 1056 3122 quantum
1071 3057 1089 3110 4

77 3129 408 3206 boniopportuna
422 3129 692 3201 marshabeat,
709 3146 818 3204 quam
832 3129 963 3191 multis
980 3131 1056 3190 diu-

78 3213 156 3274 tius
170 3213 327 3274 vixisse
342 3213 531 3275 nocuerit.
555 3211 587 3272 Si
600 3212 851 3286 CnPompeium,
866 3213 961 3277 decus
974 3213 1057 3274 istud

76 3296 361 3372 firmamentumque
376 3296 503 3371 imperii,
517 3295 645 3370 Neapoli
658 3295 792 3357 valitudo
807 3294 993 3367 abstrdisset,
1010 3295 1055 3356 in·

77 3379 232 3442 dubitatus
260 3381 366 3455 populi
387 3379 516 3440 Romani
540 3379 683 3454 princeps
708 3387 898 3440 excesserat:
924 3387 954 3440 at
975 3394 1056 3438 nunc

76 3464 178 3538 exigui
193 3463 339 3538 temporis
361 3463 490 3541 adiectio
509 3462 628 3538 lastigie
644 3461 727 3526 illum
744 3479 805 3527 :suo
826 3463 949 3536 depulit.
980 3460 1054 3519 vidit

861 3546 899 3606 9*
