2528 3906
191 235 259 304 iol
498 238 531 296 L.
551 233 697 296 ANNAEI
720 232 894 295 SENECAE

193 389 243 451 dis
259 387 383 466 quoque
399 384 567 460 irascimur,
584 385 667 461 quod
683 385 794 460 aliquis
815 399 873 445 nos
896 385 1066 460 antecedat,
1088 387 1175 448 obliti

195 479 342 549 quantum
355 471 509 532 hominurn
529 477 610 530 retro
626 468 674 541 sil,
690 475 720 528 et
739 469 847 544 paneis
868 468 1054 529 invidentem
1076 485 1174 545 queu-

194 565 257 618 tum
271 561 418 632 sequetur
437 561 557 628 atergo
572 552 704 627 ingentis
718 550 867 617 inuidiae,
902 553 997 612 Tanta
1011 559 1112 614 umen
1127 554 1173 612 in·
1249 556 1250 578 ¹

195 641 364 715 portunitas
379 638 536 697 hominum
551 643 607 710 est,
628 643 662 696 ut
675 636 817 711 quamuis
836 637 962 702 muitum
986 637 1172 712 acceperint

74 752 77 761 ·
160 733 179 786 2
194 725 321 784 iniuriae
336 724 405 782 loeo
421 721 461 781 sit
476 722 545 796 plus
560 720 701 794 accipere
716 719 864 794 potuisse.
893 715 984 780 Dedit
997 719 1070 779 mihi
1082 735 1173 795 prae-

194 815 306 867 turam=
336 805 392 866 sed
407 805 599 864 consulatum
615 817 821 876 speraveram.
850 803 934 862 dedit
947 801 1112 864 duodecim
1127 805 1171 863 la-

195 906 281 952 sces:
298 890 352 949 sed
369 905 429 948 non
446 889 517 947 lecit
528 886 712 947 ordinarium
726 888 893 946 consulem.
922 899 1003 946 ame
1017 889 1173 946 numerari
1250 904 1251 980 q

194 974 290 1033 voluit
305 989 433 1031 anuum:
454 972 510 1030 sed
526 970 614 1030 deest
625 970 696 1028 mihi
711 969 751 1029 ad
764 969 978 1031 sacerdotium.
1008 977 1175 1045 cooptatus
1250 983 1251 1014 ³

194 1056 224 1116 in
240 1057 399 1130 collegium
415 1065 497 1114 sum:
524 1055 579 1113 sed
592 1069 647 1112 cur
660 1054 691 1112 in
706 1060 822 1112 unumt
837 1053 1058 1115 consummavit
1072 1054 1172 1130 digni-

194 1147 285 1199 tatem
301 1154 414 1198 meam:
432 1138 491 1197 sed
509 1137 689 1213 patrimonio
704 1137 777 1196 nihil
790 1138 925 1198 contulit.
947 1151 985 1198 ea
998 1137 1083 1198 dedit
1097 1138 1173 1198 mihi

160 1233 275 1298 oquae
290 1222 421 1281 debebat
435 1221 525 1281 alicui
543 1221 625 1280 dare.
653 1221 692 1280 de
707 1231 764 1280 suo
780 1221 852 1280 nihil
869 1220 1002 1296 protulit.
1031 1221 1099 1295 Age
1114 1237 1171 1296 po-

194 1307 254 1368 tius
270 1307 383 1381 gratias
399 1321 455 1381 pro
471 1305 529 1376 hls,
552 1315 631 1379 quae
649 1303 806 1378 accepisti.
842 1305 961 1379 reliqua
976 1311 1125 1378 exspecta
1142 1313 1173 1364 et
1251 1321 1252 1384 t

194 1391 330 1451 nundum
346 1389 467 1466 plenum
483 1397 554 1449 esse
574 1396 603 1448 te
617 1388 727 1462 gaude.
758 1389 837 1448 inter
857 1389 1033 1464 voluptates
1048 1397 1097 1448 est
1119 1405 1171 1446 su·
1251 1385 1252 1418 ³

194 1470 323 1550 peresse
339 1473 422 1548 qued
438 1485 557 1546 speres.
594 1469 706 1531 Omnes
722 1471 835 1532 uicisti=
860 1471 987 1546 primum
1009 1485 1081 1531 esse
1098 1479 1127 1531 te
1142 1473 1174 1530 in

193 1559 295 1617 animo
318 1557 407 1616 amici
426 1555 470 1614 tui
498 1557 619 1614 laetare.
663 1554 747 1614 multi
767 1557 954 1616 revincunt:
998 1555 1174 1626 considere,

195 1648 308 1716 quanto
324 1639 489 1699 antecedas
510 1639 615 1713 plures
632 1651 722 1712 quam
744 1639 896 1714 sequaris.
938 1639 1027 1713 Quod
1042 1639 1127 1699 sitin
1143 1646 1174 1698 te

196 1724 299 1783 vitium
315 1722 479 1782 maximum
501 1723 646 1797 quaerist
674 1722 769 1782 falsus
783 1723 918 1784 rationes
933 1722 1078 1784 conficis=
1099 1723 1175 1782 duta

194 1821 305 1882 magno
320 1805 474 1878 aestimas
489 1813 616 1880 accepta
630 1821 737 1881 parvo.

162 1899 180 1951 l
255 1889 374 1950 XXllll.
396 1889 489 1950 Aliud
503 1889 534 1949 in
549 1890 608 1949 alio
623 1906 681 1950 nos
697 1890 863 1950 deterreat:
888 1889 1071 1965 quibusdam
1086 1888 1173 1950 tirne-

194 1974 403 2048 anastase,
425 1973 608 2048 quibusoam
631 1987 805 2046 vereamur,
827 1973 1010 2048 quibusoam
1035 1973 1174 2032 rasututa-

193 2075 272 2118 mus.
314 2051 456 2132 Magnum
475 2067 542 2115 rem
563 2057 629 2116 sine
650 2056 743 2116 dubio
766 2058 943 2130 fecerimus,
967 2057 994 2118 si
1015 2058 1175 2117 servulum
1253 2073 1254 2084 ¹

193 2142 345 2201 infelicem
361 2141 391 2198 in
404 2139 591 2214 ergastulum
605 2139 787 2200 miserimus.
810 2141 883 2214 quid
891 2153 1096 2216 properamus
1105 2157 1173 2200 ver-

194 2226 302 2284 berare
318 2224 426 2296 statim,
449 2239 538 2282 crura
561 2223 698 2297 protinus
720 2225 880 2299 frangeret
908 2241 969 2285 nun
985 2223 1096 2299 peribit
1116 2239 1172 2298 po-

160 2315 289 2373 etesias
305 2307 371 2380 ista,
388 2307 415 2366 si
431 2306 596 2367 differetur.
628 2306 700 2366 Sine
714 2307 745 2366 id
760 2315 882 2382 tempus
897 2309 1013 2379 veniat,
1034 2322 1095 2382 quo
1113 2307 1174 2382 ipsi

194 2392 369 2454 iubeamus=
385 2405 466 2450 nunc
481 2402 521 2449 ex
531 2392 659 2465 imperio
672 2392 736 2450 irae
748 2392 917 2466 loquemur.
946 2408 1014 2451 curn
1030 2391 1172 2451 illaebie-

193 2476 240 2546 rit,
257 2481 326 2534 tunc
340 2473 521 2548 videbimus,
537 2483 650 2550 quanto
665 2475 724 2534 ista
739 2475 975 2534 lisaestimeuda
990 2475 1038 2534 sit.
1069 2473 1099 2532 in
1113 2475 1176 2534 hoc

195 2559 274 2618 enirn
290 2557 457 2633 praecipue
472 2557 617 2618 fallimur:
648 2558 687 2617 ad
707 2559 818 2618 ferrum
835 2558 982 2630 venimus,
1000 2558 1040 2617 ad
1055 2559 1172 2633 capita-

196 2642 235 2701 lia
250 2641 410 2718 supplicia,
427 2641 609 2714 etvinculiS,
631 2655 764 2713 carcere,
790 2637 872 2700 ieme
894 2641 1085 2702 vindicemus
1107 2657 1196 2700 rem'

151 2732 180 2786 a
193 2726 402 2798 castigandam
423 2723 528 2800 flagris
543 2725 719 2785 levioribus.
753 2725 951 2800 ‚‚Qtrcmodo,
971 2723 1090 2799 inquis,
1113 2741 1176 2784 rius

194 2808 283 2867 iubes
298 2808 416 2880 intueri,
432 2823 524 2882 qnam
540 2809 649 2883 omnia,
664 2821 721 2884 per
732 2823 813 2884 quac
826 2810 907 2870 laedi
922 2808 1089 2882 videamur,
1107 2809 1172 2868 exi·

194 2903 264 2966 gua,
286 2892 406 2960 misera,
423 2891 551 2965 puerilia
566 2893 657 2951 sint.“
691 2891 759 2967 ogo
774 2907 849 2953 uero
863 2891 938 2954 nihil
951 2893 1049 2967 magis
1064 2907 1173 2953 suesc-

193 2975 251 3033 rim
263 2987 354 3048 quam
365 2988 487 3033 sumere
498 2977 649 3050 ingentem
662 2975 793 3036 animum
808 2985 840 3038 et
852 2977 939 3051 haec,
957 2985 1083 3051 propter
1091 2993 1177 3051 quae

193 3058 356 3132 litigamus,
371 3056 582 3132 discurrimus,
600 3059 787 3130 anhelamus,
803 3059 913 3140 ,videre
934 3075 1024 3136 quam
1046 3059 1176 3120 humilia

193 3148 224 3199 et
238 3141 356 3202 abiecta
370 3141 440 3214 sint,
462 3141 536 3202 nulli
552 3143 603 3218 qui
627 3143 719 3203 altum
738 3141 883 3218 quiddam
904 3152 955 3204 aut
975 3142 1175 3218 magnificum

194 3225 307 3301 cogitat
320 3222 524 3301 respicienda.

163 3318 178 3370 l
254 3307 385 3368 XXXIII.
408 3307 496 3369 Circa
513 3309 673 3384 pecuniam
689 3309 851 3385 plurimum
866 3310 1093 3371 vociferationis
1109 3315 1175 3368 este

194 3392 271 3452 haec
287 3392 352 3452 fura
368 3391 520 3465 defatigat,
542 3400 646 3467 patres
666 3393 843 3468 liberosque
864 3393 1029 3465 committit,
1052 3407 1175 3452 venena

192 3475 310 3548 miscet,
326 3475 515 3548 gladiustam
524 3475 760 3551 percussoribus
777 3493 868 3551 quum
882 3475 1175 3552 legionibustradit
