2522 3906
222 287 263 350 36
515 286 547 344 L.
569 283 716 344 ANNAEl
739 284 914 344 SENECAE
1004 327 1006 332 -

222 456 333 516 agene,
359 439 451 501 loeda
465 439 536 498 visu
556 445 586 499 et
610 438 763 498 horrenda
788 439 883 500 iacies
910 440 1147 516 depravantium
1180 458 1220 501 se

191 532 313 598 batque
327 522 601 584 intumescentium.
636 522 768 582 desolas
791 529 888 582 utrum
909 525 1007 598 magis
1025 524 1219 587 detestabile

220 609 326 668 vitium
341 608 430 667 sitan
446 607 593 667 deforme.
626 613 727 666 cetera
748 606 818 666 licet
837 608 1030 668 abscondere
1051 607 1133 668 etin
1158 609 1220 670 ab·

222 691 285 753 dito
302 693 400 752 alere:
416 691 511 750 irase
525 690 642 765 profert
655 697 685 751 et
699 690 729 749 in
745 689 852 750 faciem
868 690 931 751 exit
950 697 1131 768 quantoque
1146 709 1220 752 ma—

221 775 283 848 ior,
305 776 365 836 hoc
381 769 555 835 effervescit
575 773 775 835 manifestius.
807 769 877 834 llon
901 776 992 836 vides
1015 784 1049 836 ut
1072 775 1220 837 omnium

221 860 410 932 animalium,
436 857 525 918 simul
545 858 584 918 ad
600 859 771 919 nocendum
787 859 1034 935 insurrexerunt,
1062 876 1217 936 praecur-

221 951 290 1004 rant
304 950 395 1004 notae
411 957 448 1001 ac
462 949 526 1002 tota
541 953 673 1018 corpora
687 939 810 1004 solitum
826 943 1024 1020 quietumque
1044 945 1218 1019 egredian-

104 1095 106 1098 .
192 1031 269 1088 btur
284 1027 415 1088 habitum
432 1034 461 1086 et
476 1027 622 1088 feritatem
637 1043 726 1088 suam
741 1035 945 1104 exasperent?
966 1036 1110 1104 spumant
1122 1031 1219 1104 apris

222 1128 291 1186 ora,
320 1112 427 1172 dentes
443 1118 593 1172 acuuntur
608 1111 732 1183 adtritu,
756 1117 910 1172 taurorum
926 1128 1042 1173 cornua
1056 1113 1221 1174 iactantur

221 1196 251 1255 in
267 1211 397 1256 vacuum
414 1203 444 1255 et
458 1211 552 1255 arena
572 1197 665 1270 pulsu
686 1195 799 1270 pedum
819 1196 987 1270 spargitur,
1014 1197 1122 1256 leones
1151 1199 1220 1257 lre-

221 1288 321 1353 munt‚
337 1277 480 1340 inflantur
494 1279 623 1340 inritatis
638 1281 718 1340 colla
733 1277 942 1354 serpentibus,
963 1280 1141 1340 rabidarum
1161 1298 1219 1342 ca-

222 1381 295 1424 num
309 1365 403 1423 tristis
420 1364 587 1439 adspectus
603 1371 664 1422 est:
687 1363 803 1423 nullum
817 1369 865 1424 est
879 1364 990 1422 animal
1003 1369 1066 1423 tam
1079 1364 1219 1425 horren-

223 1450 295 1508 dum
309 1455 433 1522 tamque
449 1447 654 1522 perniciosum
669 1455 791 1520 natura,
810 1455 920 1508 utnon
935 1447 1084 1522 adpareat
1097 1447 1130 1507 in
1145 1449 1220 1526 illo,

194 1541 210 1596 7
224 1532 314 1592 simul
329 1531 375 1591 ira
389 1529 515 1603 invasit,
532 1546 614 1590 nova
629 1528 755 1590 lenitatis
772 1531 921 1592 accessio.
955 1529 1017 1590 Nec
1033 1533 1143 1606 ignoro
1163 1549 1221 1594 ce-

222 1623 305 1675 teros
322 1629 447 1690 quoque
463 1613 603 1674 adlectus
618 1615 670 1673 vix
685 1615 840 1688 occultari,
857 1613 1014 1674 libidinem
1028 1623 1219 1693 metumque

222 1707 253 1759 et
272 1697 433 1758 audaciam
457 1697 531 1757 dare
552 1699 600 1759 sui
621 1697 710 1773 signa
730 1704 760 1758 et
780 1713 875 1775 posse
896 1700 1071 1775 praenosci
1104 1715 1257 1776 neque

222 1783 301 1842 enim
317 1783 379 1843 ulla
391 1780 601 1843 vehementior
615 1783 692 1843 intra
708 1781 850 1858 cogitatio
866 1783 946 1863 [est],
961 1798 1042 1860 quae
1054 1783 1131 1845 nihil
1143 1801 1220 1848 mo-

220 1867 337 1928 reatin
352 1868 445 1927 voltu.
480 1867 552 1942 quid
567 1883 641 1942 ergo
657 1868 802 1929 interest?
829 1869 913 1943 quod
928 1869 977 1931 alii
992 1867 1133 1929 adlectus
1155 1873 1221 1930 ad·
1256 1857 1257 1919 l

161 2011 167 2021 ,
224 1957 341 2028 parent,
357 1949 408 2012 hic
423 1951 543 2012 eminet.

195 2048 210 2102 l
285 2035 321 2097 ll.
343 2039 406 2097 Iam
422 2051 494 2097 vero
511 2037 538 2096 si
553 2033 682 2096 effectus
704 2037 770 2096 eius
793 2036 966 2110 damnaque
986 2036 1095 2097 intueri
1119 2039 1222 2116 velia,

223 2121 306 2182 nulla
320 2121 417 2196 pestis
432 2119 564 2180 humano
579 2119 684 2195 generi
699 2120 794 2196 pluris
810 2118 901 2180 stetit.
942 2119 1072 2180 Videbis
1088 2119 1219 2182 caedes

224 2221 259 2265 ac
272 2220 393 2266 venena
407 2210 438 2264 et
451 2219 572 2266 reorum
587 2211 708 2264 mutuas
730 2203 840 2263 sordes
861 2211 892 2264 et
911 2202 1031 2264 urbium
1054 2203 1166 2264 clades
1186 2216 1223 2266 et

222 2295 353 2350 totarum
368 2287 459 2349 exitia
474 2289 608 2365 gentium
625 2295 656 2348 et
671 2281 844 2363 principum
862 2288 921 2349 sub
944 2286 1024 2346 civili
1045 2285 1136 2346 hasta
1161 2305 1224 2350 ca-

223 2374 287 2449 pita
299 2372 419 2433 venalia
434 2381 464 2433 et
478 2373 633 2434 subiectas
648 2372 736 2432 tectis
752 2373 835 2431 laces
851 2387 909 2431 nec
924 2373 1003 2431 intra
1016 2371 1140 2431 moenia
1158 2387 1224 2432 co-

224 2458 335 2519 ercitos
347 2457 444 2532 ignes,
460 2458 516 2518 sed
530 2457 662 2532 ingentia
677 2456 777 2532 spatia
790 2456 1036 2531 regionumt
964 2455 1036 2516 host
1037 2455 1067 2514 ili
1082 2449 1224 2518 flamma

194 2541 366 2604 areiucent'
347 2549 397 2602 t.1a
419 2541 557 2618 Adspice
569 2538 826 2602 nobilissimarum
841 2541 994 2600 civitatum
1009 2539 1225 2602 lundamenta

223 2629 276 2687 vix
297 2625 457 2686 notabilia:
482 2623 567 2686 has
560 2641 605 2684 rra
625 2625 743 2686 deiecit.
785 2625 913 2700 adspice
942 2622 1124 2684 solitudines
1154 2639 1256 2718 per

224 2711 318 2771 multa
337 2711 421 2770 milia
441 2711 508 2770 sine
527 2709 696 2770 habitatore
721 2709 876 2768 desertas·
901 2708 991 2768 bas
983 2724 1028 2768 rra
1053 2677 1256 2771 exhausit

223 2793 353 2869 adspice
366 2799 411 2854 tot
425 2791 590 2854 memoriae
605 2793 744 2867 proditos
760 2793 872 2866 duces,
895 2792 966 2852 mali
981 2791 1123 2865 exempla
1139 2793 1224 2853 lati.

224 2876 338 2938 alium
330 2893 376 2936 rra
389 2875 420 2937 ln
436 2877 527 2938 cubili
542 2891 599 2937 suo
616 2875 760 2950 confodit,
775 2877 867 2937 alium
882 2875 960 2936 intra
975 2891 1064 2936 sacra
1079 2889 1227 2960 mensae

224 2963 291 3022 iura
310 2960 478 3037 percussit,
491 2959 582 3020 alium
597 2961 675 3020 intra
688 2961 773 3036 leges
790 2959 982 3035 celebrisque
996 2961 1228 3034 spectaculum

225 3045 283 3108 lori
298 3043 478 3117 lancinavit,
500 3045 592 3104 alium
606 3041 660 3104 tilii
675 3043 838 3119 parricidio
854 3043 930 3104 dare
948 3043 1128 3118 sanguinem
1145 3042 1226 3107 ius-

225 3130 272 3205 sit,
288 3129 381 3190 alium
395 3129 499 3190 servili
514 3145 606 3190 manu
618 3130 751 3204 regalem
763 3128 883 3204 aperire
900 3128 1052 3203 iugulum,
1067 3126 1167 3188 alium
1188 3133 1228 3192 in

196 3215 334 3276 icruces
350 3213 487 3273 membra
502 3211 672 3272 dilfindere.
706 3219 736 3273 et
756 3212 855 3273 adhuc
877 3211 1068 3288 singulorum
1087 3217 1229 3288 suppli-

226 3300 272 3360 cia
286 3313 394 3360 narro:
419 3297 506 3373 quid,
522 3297 575 3357 tibi
592 3296 618 3356 si
632 3297 752 3358 libuerit
765 3297 878 3358 relictis
893 3297 925 3357 in
941 3311 1021 3372 quos
1036 3296 1082 3355 ira
1095 3295 1230 3361 viritim

225 3384 357 3459 exarsit,
379 3382 542 3459 adspicere
557 3396 665 3442 caesas
680 3381 781 3456 gladio
798 3381 963 3442 conciones
979 3387 1010 3441 et
1024 3379 1148 3454 plebem
1170 3383 1229 3443 in-

225 3469 320 3529 misso
342 3465 436 3528 milite
457 3465 696 3528 contrucidatam
718 3471 748 3525 et
767 3467 796 3524 in
818 3465 984 3540 perniciem
999 3463 1231 3540 promiscuam
1254 3539 1255 3546 ἵ

226 3559 307 3615 totos
322 3551 457 3629 populos
480 3549 587 3628 capitis
609 3551 720 3609 damna
743 3565 855 3624 passos
876 3549 939 3590 ***
