2554 3888
339 132 912 230 nunauvnnrnvnnu.1o-1a
1045 167 1110 234 215

135 321 193 382 sed
209 317 334 379 materia
348 325 492 378 mutatur:
509 319 605 380 nostri
620 335 677 380 nos
691 319 825 380 honores
843 329 1013 383 torserunt:
1036 325 1107 398 plns

134 403 282 478 temporis
307 402 398 462 alieni
426 401 577 483 auserunt.
608 403 761 463 candidati
782 405 922 465 laborare
943 405 1108 467 desiimus:

134 487 356 561 suffragatores
385 485 558 560 incipimus.
597 487 764 547 accusandi
789 487 988 562 deposuimus
1013 492 1109 550 mole·

134 578 240 632 stram:
255 569 409 631 iudicandi
423 569 634 630 nanciscimur.
668 569 761 630 iudex
775 571 866 631 desiit
880 587 967 631 essex
986 573 1108 648 quaesi·

133 662 183 716 tor
194 663 251 716 est·
266 655 434 714 alienorum
445 653 595 714 bonorum
606 655 793 714 mercenaria
807 655 1022 728 procuratione
1034 672 1106 717 con·

133 737 251 799 senuit:
266 737 330 798 suis
343 736 453 811 opibus
466 737 625 798 detinetur.
647 737 775 798 Marium
786 739 883 812 caliga
896 739 1021 800 dimisit:
1035 756 1106 802 con·
1119 751 1138 806 6

133 825 251 883 sulatns
264 828 396 881 exercet.
418 820 555 894 Quintius
568 819 743 880 dictaturam
750 825 1107 897 properatpraevadere:

133 905 173 965 ab
189 912 289 965 aratro
303 905 505 964 revocabitur.
528 903 581 963 ivit
597 903 627 962 in
645 903 765 964 Poenos
780 906 916 966 nondum
929 913 1029 966 tantae
1044 923 1107 966 ma-

133 998 222 1050 turus
237 989 282 1046 rei
297 987 417 1063 Scipio,
444 987 542 1049 victor
558 987 751 1061 Hannibalis,
771 989 870 1072 victor
883 990 1041 1064 Antiochi,
1058 989 1108 1050 sui

135 1073 313 1132 consulatus
335 1072 447 1146 decus,
473 1071 596 1132 fraterni
611 1087 760 1146 sponsor,
787 1071 818 1130 ni
832 1089 887 1146 per
903 1073 1003 1148 ipsum
1021 1089 1109 1134 mora

133 1156 190 1230 sit,
214 1171 282 1216 cum
296 1156 369 1215 Iove
383 1163 598 1230 reponeretur=
625 1155 730 1214 civiles
745 1163 934 1216 servatorem
950 1157 1109 1232 agitabunt

132 1239 302 1300 seditiones
323 1247 352 1298 ει
368 1247 438 1314 post
452 1239 605 1301 fastiditos
621 1237 763 1298 aiurene
777 1240 824 1298 dis
840 1256 958 1315 aequos
972 1241 1107 1302 honoros

133 1324 308 1382 iamsenem
321 1320 916 1384 contumacisexiliidelectabilambitIo.
938 1324 1108 1400 Numquam

133 1407 264 1466 deerunt
277 1408 326 1466 vel
341 1399 445 1466 felices
462 1408 510 1466 vel
525 1407 655 1465 miserae
671 1406 882 1466 sollicitudinis
901 1423 1023 1468 causae.
1051 1424 1109 1482 per

131 1491 354 1566 occupationes
371 1489 432 1550 vita
446 1490 590 1550 trudetur.
621 1489 714 1549 otium
727 1505 890 1564 numquam
899 1499 1017 1566 agetur,
1028 1506 1108 1550 sem·

136 1590 194 1648 per
213 1573 376 1648 optabitur.

197 1657 303 1718 XVIII
324 1657 463 1732 Excerpe
480 1657 582 1730 itaque
596 1663 626 1716 te
640 1658 741 1731 volgo,
755 1655 880 1718 Pauline
896 1658 1062 1735 carlssime,
1077 1665 1134 1718 etl

133 1741 164 1800 in
185 1741 423 1816 tranquilliorem
449 1749 567 1816 portum
589 1757 650 1800 non
668 1757 722 1814 pro
738 1741 845 1800 aetatis
861 1743 961 1815 spatio
977 1739 1107 1801 iactatus

133 1825 258 1884 tandem
279 1825 399 1884 recede.
433 1823 547 1898 Cogita,
563 1831 636 1898 quot
650 1821 762 1883 fluctus
778 1825 923 1898 subiens,
946 1831 1020 1900 quot
1035 1833 1108 1884 tenr-

132 1909 271 1984 pestat'es
291 1906 400 1983 partim
421 1909 556 1982 privatas
576 1907 773 1980 sustinueris,
799 1908 907 1982 partim
922 1907 1061 1983 publicas
1077 1908 1108 1966 in

132 1999 163 2052 te
186 1993 382 2052 converteris.
414 1991 488 2051 satis
507 1993 566 2050 iam
580 2007 636 2066 per
651 1991 806 2051 laboriosa
820 1999 850 2050 et
864 1993 998 2066 inquIeta
1013 1991 1108 2050 docu-

133 2083 237 2134 menta
256 2073 389 2136 exhibita
409 2075 504 2136 virtus
528 2082 589 2135 est:
617 2074 772 2150 experire,
799 2075 871 2148 quid
886 2076 915 2134 in
930 2075 991 2136 otio
1008 2075 1107 2134 faciat.

132 2157 231 2220 Maior
245 2175 317 2234 pars
334 2158 456 2232 aeteus,
480 2166 561 2219 certe
576 2159 682 2218 melior
694 2158 881 2234 reipublicae
896 2161 967 2219 data
980 2159 1033 2219 sit:
1055 2160 1108 2218 ali-

65 2247 70 2260 '
133 2243 209 2316 quid
227 2240 375 2317 temporis
392 2242 435 2302 tui
450 2257 537 2301 sume
552 2243 641 2302 etiam
655 2241 717 2302 tibi
738 2243 801 2302 Nec
817 2251 847 2303 te
862 2244 901 2304 ad
918 2259 1044 2317 segnem
1058 2250 1138 2310 nuta

133 2327 261 2386 inertem
277 2326 408 2402 quietem
424 2341 519 2386 νοεο.
544 2342 604 2386 non
620 2333 653 2385 ut
667 2343 775 2386 sonmo
793 2334 823 2387 et
838 2327 917 2387 caris
932 2327 1039 2386 turbae
1055 2342 1107 2386 vo·

133 2407 309 2484 laniatibus,
327 2387 474 2484 quicquid
491 2409 543 2500 εείΙ
552 2408 879 2479 inteindolisvividoe,
892 2425 1023 2484 mergas.
1046 2427 1107 2468 non

131 2500 182 2552 est
202 2493 284 2554 istud
307 2493 525 2568 adquiescere·
537 2480 687 2552 'invenies
708 2493 824 2552 maiora
844 2493 984 2553 omnibus
1007 2493 1108 2550 adhuc

133 2585 259 2636 strenue
273 2577 408 2636 tractatis
423 2575 578 2651 operibus,
595 2591 675 2651 quac
689 2577 806 2651 reposit
808 2592 844 2636 us
860 2583 890 2634 et
900 2591 1028 2634 securus
1044 2573 1107 2648 agi-

132 2669 190 2720 tes.
222 2661 267 2720 Tu
285 2659 408 2736 quidem
428 2660 511 2720 orbis
527 2667 671 2720 terrarum
683 2661 818 2720 rationes
836 2657 1030 2718 administras
1047 2665 1141 2718 lamb

131 2741 322 2804 abstinenter
338 2759 429 2819 quam
445 2744 576 2820 alienas,
591 2751 652 2804 tam
667 2743 825 2818 diligenter
841 2759 932 2818 quam
946 2749 1030 2816 tuas,
1046 2748 1107 2800 tam

132 2827 278 2902 religiose
299 2843 390 2903 quam
418 2828 567 2903 publicas.
598 2827 629 2886 in
653 2832 710 2899 [co]
729 2826 832 2888 officio
848 2841 984 2886 amorem
998 2840 1107 2886 conse-

112 2927 117 2936 ’
133 2911 249 2986 quens,
265 2911 296 2971 in
313 2929 374 2988 quo
391 2912 494 2972 odium
510 2913 605 2972 vitare
620 2911 744 2970 difficile
759 2917 823 2970 est=
839 2911 895 2969 sed
909 2919 1019 2982 tamon,
1034 2907 1107 2969 mihi

131 2995 241 3069 crede,
267 2996 364 3056 satius
379 3003 427 3055 est
440 2995 520 3054 vitae
537 3010 611 3055 suae
625 2993 774 3054 rationem
790 3010 880 3068 quam
895 2992 1036 3053 frumenti
1050 3008 1107 3067 pu·

131 3077 204 3137 blici
220 3093 324 3144 nosse.
347 3079 441 3152 Istum
456 3079 546 3138 animi
560 3079 712 3152 vigorem,
728 3075 1043 3138 rerummaximarum
1058 3079 1140 3136 cat

132 3161 348 3236 pacissimum,
364 3162 561 3224 aminislerio
577 3161 746 3221 honorifico
762 3159 901 3235 quidem,
926 3161 983 3220 sed
998 3176 1107 3234 parum

132 3245 173 3304 ad
185 3241 306 3318 beatam
318 3247 408 3306 vitam
421 3252 492 3321 apto
502 3245 553 3318 [ad
560 3250 601 3317 te]
610 3260 721 3304 revoca
734 3252 764 3304 et
775 3243 875 3319 cogita
887 3260 948 3304 non
961 3243 992 3302 id
1003 3244 1107 3317 egisse

132 3335 162 3386 te
183 3328 223 3388 ab
246 3336 346 3389 aetate
372 3331 468 3404 prima
485 3329 566 3389 omni
582 3328 664 3388 cultu
679 3327 849 3388 studiorum
864 3327 1048 3397 liberalium,
1073 3333 1108 3385 ut

133 3411 186 3471 tibi
198 3415 291 3474 multa
303 3413 383 3472 milia
395 3413 620 3482 frumentibene
629 3411 899 3473 committerentur:
912 3411 1008 3470 maius
1018 3407 1109 3484 quid·
