2522 3906
93 211 361 276 CONTUMELIAM
376 215 565 276 ACCIPERE
578 215 803 277 SAPIENTEM.
815 219 992 281 Xll-XIV.
1004 221 1047 283 29

32 339 33 362 i
82 373 185 430 talusve
211 369 307 428 Asiae
342 370 521 429 salutantem
553 369 673 428 silentio
705 385 741 428 ac
771 373 855 431 voltu
886 373 1048 449 adroganti

81 455 226 514 transierit.
263 453 322 512 soit
343 461 453 512 statum
474 453 539 512 eius
561 470 622 512 non
644 453 740 527 tnagis
755 453 868 514 habere
884 458 1048 533 quicquam

32 585 33 590 1
82 539 265 597 invidendum
285 554 376 612 quam
393 538 474 610 eius,
496 535 545 596 cui
559 537 589 596 in
605 553 715 612 magna
729 539 841 597 familia
856 556 927 599 eura
943 541 1049 616 obtigit

82 639 178 696 aegros
193 623 385 694 insanosque
406 637 605 695 conpescere.
639 621 717 680 Num
739 623 868 681 moleste
889 625 998 698 leram,
1023 625 1076 700 sig

82 707 139 765 nihi
153 723 213 766 non
230 705 398 764 reddiderit
412 721 521 763 nomen
538 705 648 778 aliquis
664 721 702 764 ex
717 704 774 776 bis,
793 707 845 781 qui
861 707 899 766 ad
915 707 1049 768 Castoris

81 789 262 864 negotiantur
274 805 406 863 nequam
419 788 571 863 mancipia
584 797 717 849 ementes
726 791 965 866 vendentesque,
974 809 1049 866 quo·

81 891 135 934 rum
148 875 295 933 tabernae
311 873 515 948 pessimorum
531 889 689 932 servorum
710 873 799 933 turba
814 876 944 934 refertae
959 882 1051 935 sunt?

80 975 145 1031 non,
169 965 203 1017 ut
217 964 304 1032 puto.
340 957 413 1032 quid
435 956 513 1015 enim
529 957 556 1016 is
578 957 650 1015 boni
671 956 778 1029 habet,
806 959 864 1017 sub
882 976 943 1033 quo
960 976 1048 1020 nemo

33 1091 34 1104 ,
80 1041 239 1101 nisimalus
257 1047 327 1100 esti
363 1041 443 1115 Ergo
459 1048 491 1099 ut
511 1041 601 1100 liuius
620 1041 834 1100 humanitatem
850 1043 1044 1102 inhumanita-

33 1175 34 1178 ,
80 1137 192 1201 temque
207 1124 350 1199 neglegit,
365 1125 406 1184 ita
421 1134 450 1184 et
464 1125 561 1200 regis:
577 1123 672 1183 habes
688 1125 744 1184 sub
762 1133 791 1184 te
805 1125 932 1186 Parthos
948 1136 977 1187 et
987 1127 1050 1186 Me-

32 1231 34 1246 *
79 1212 127 1270 dos
142 1218 171 1270 et
183 1209 381 1282 BactrianoS,
403 1209 459 1267 sed
482 1225 561 1282 quos
582 1217 663 1268 metu
678 1211 832 1283 contines,
855 1212 911 1270 sed
926 1217 1052 1286 propter

80 1311 149 1368 quos
165 1295 320 1353 remittere
342 1309 446 1352 arcum
468 1292 520 1352 tibi
542 1309 603 1352 non
626 1291 770 1368 contigit,
791 1293 1050 1368 sedpostremos,

79 1380 127 1436 sed
141 1380 283 1450 venaleS,
303 1377 359 1434 sed
379 1392 491 1436 novum
515 1383 704 1451 aucupantes
726 1375 902 1436 dominium.
935 1378 1080 1452 Nullius5

79 1479 141 1536 ergo
162 1461 337 1522 movebitur
354 1461 543 1520 contumelia.
581 1475 687 1520 omnes
713 1461 792 1518 enim
813 1459 890 1520 inter
911 1477 945 1520 se
965 1460 1052 1520 dilie-

78 1554 152 1618 runt,
180 1545 307 1620 sapiens
329 1541 452 1618 quidem
472 1559 563 1619 pares
585 1543 654 1604 illos
670 1545 709 1604 ob
723 1546 882 1619 aequalem
898 1545 1052 1606 stultitiam

80 1631 169 1690 omnis
187 1636 281 1704 putat.
310 1645 380 1687 nam
398 1627 423 1688 si
438 1630 531 1688 semel
548 1644 583 1688 se
598 1628 755 1688 demiserit
770 1644 816 1702 eo,
832 1637 866 1688 ut
879 1638 930 1690 aut
944 1629 1053 1689 iniuria

79 1723 230 1774 moveatur
245 1720 297 1772 aut
312 1713 509 1788 contumelia,
529 1729 590 1772 non
612 1711 744 1788 potuerit
757 1729 900 1788 umquam
917 1729 988 1773 esse
1004 1729 1052 1773 se-

80 1815 172 1858 curus.
210 1796 361 1857 securitas
383 1805 483 1856 autem
505 1797 660 1871 proprium
684 1797 798 1855 bonum
823 1797 971 1872 sapientis
997 1805 1053 1872 est,
1140 1791 1143 1796 ’

80 1898 128 1941 nec
142 1883 318 1954 committet,
344 1889 377 1940 ut
392 1881 555 1940 iudicando
572 1881 784 1940 contumeliam
801 1880 859 1939 sibi
875 1882 985 1940 factam
999 1881 1054 1940 ho·

83 1982 176 2026 norem
191 1966 304 2025 habeat
319 1966 347 2023 ei
363 1964 415 2040 qui
430 1965 509 2024 lecit.
545 1979 675 2024 necesse
696 1972 742 2024 est
764 1963 843 2022 enirn
859 1981 877 2023 a
892 1979 954 2040 quo
971 1965 1053 2039 quis-

83 2067 133 2123 que
148 2049 303 2110 contemni
319 2051 446 2110 moleste
460 2049 546 2122 ierat,
562 2047 679 2123 suspici
694 2047 835 2191 {audeat

130 2135 210 2193 XIV.
242 2135 339 2194 Tanta
355 2133 507 2208 quosdam
522 2132 699 2192 dementiat
720 2141 784 2206 net,
812 2140 843 2191 ut
868 2131 926 2192 sibi
949 2141 1079 2202 contu-1

82 2220 193 2278 neliarn
217 2219 284 2278 lieri
308 2225 414 2292 putent
431 2233 527 2292 posse
543 2233 561 2276 a
575 2217 709 2276 muliere.
747 2215 821 2292 quid
846 2217 940 2290 refert
964 2234 1055 2290 quam

81 2301 213 2377 habeant,
229 2309 306 2376 quot
320 2302 491 2362 lecticarios
506 2301 676 2372 habentem,
694 2317 784 2375 quam
798 2307 938 2360 oneratas
954 2317 1054 2373 aures,

84 2403 165 2459 quam
180 2389 282 2446 laxam
300 2387 427 2446 sellam?
454 2401 553 2460 aeque
568 2385 735 2460 inprudens
751 2385 861 2444 animal
877 2393 924 2444 est
938 2393 980 2458 et,
996 2384 1056 2443 nisi

84 2471 200 2530 scientia
214 2471 349 2531 accessit
363 2487 399 2528 ac
414 2470 507 2529 multa
522 2469 660 2543 eruditio,
677 2470 782 2541 terum,
799 2469 998 2542 cupiditatum
1012 2469 1056 2525 in·

83 2555 244 2614 continens.
271 2554 402 2628 Quidam
417 2569 451 2613 se
465 2571 483 2612 a
498 2551 646 2613 cinerario
662 2554 801 2626 inpulsos
817 2553 945 2610 moleste
959 2553 1058 2608 lerunt

32 2643 34 2704 l
84 2645 108 2696 et
121 2640 334 2699 contumeliam
350 2646 462 2698 vocant
476 2637 591 2698 ostiarii
606 2637 829 2707 difficultatem,
851 2637 1056 2694 nomenclato-

32 2719 33 2722 ’
82 2721 118 2780 ris
133 2724 325 2798 superbiam,
342 2721 519 2780 cubicularii
540 2721 746 2795 supercilium.
788 2736 806 2779 o
829 2727 959 2793 quantus
981 2719 1058 2779 inter

32 2835 33 2848 ι
82 2804 131 2865 ista
145 2808 228 2866 risus
246 2807 401 2866 tollendus
415 2813 477 2878 est,
500 2813 612 2880 quanta
633 2807 789 2878 voluptate
810 2803 973 2878 inplendus
996 2796 1067 2864 ani-¹

82 2905 141 2950 nus
157 2908 197 2950 ex
213 2892 384 2950 alienorum
400 2905 535 2950 errorum
551 2889 680 2950 tumultu
696 2888 911 2963 contemplanti
926 2889 1058 2963 quietem

82 2983 174 3034 suam!
222 2975 302 3048 Quid
324 2980 420 3048 ergo?
446 2975 571 3048 sapiens
593 2989 655 3032 non
671 2973 797 3032 accedet
812 2973 851 3030 ad
867 2974 965 3046 iores,
980 2978 1086 3046 quasi
1112 2978 1114 2982 '

81 3059 168 3120 durus
184 3059 298 3120 ianitor
314 3058 454 3118 obsidet?
485 3059 536 3117 ille
550 3073 642 3130 vero,
662 3055 689 3116 si
708 3071 760 3116 res
775 3056 952 3115 necessaria
966 3071 1058 3115 voca-

80 3141 123 3216 bit,
151 3143 333 3218 experietur
361 3149 390 3201 et
417 3143 500 3202 illum
527 3141 668 3216 quisquis
692 3141 748 3200 erit
770 3147 925 3214 tamquam
954 3155 1058 3200 canem

81 3241 175 3286 acrem
193 3227 317 3286 obiecto
334 3225 401 3285 cibo
418 3227 509 3286 leniet
523 3241 580 3284 nec
594 3224 800 3298 indignabitur
814 3223 929 3298 aliquid
952 3225 1059 3298 inpen-

80 3309 160 3386 dere,
191 3319 226 3370 ut
248 3311 341 3368 limen
358 3317 507 3384 transeat,
529 3310 666 3383 cogitans
682 3314 713 3367 et
726 3309 756 3366 in
771 3309 916 3382 pontibus
933 3307 1060 3383 quibus--

32 3397 33 3406 ’
78 3392 140 3453 dam
159 3412 218 3470 pro
238 3393 372 3452 transitu
387 3394 473 3453 dari.¹
497 3395 602 3468 itaque
623 3393 664 3450 illi
682 3407 821 3466 quoque,
838 3391 979 3466 quisquis
995 3389 1059 3478 crit,

78 3480 123 3550 qui
143 3479 207 3540 hoe
229 3477 448 3538 salutationum
472 3479 626 3553 publicum
652 3483 809 3548 exerceat,
833 3473 967 3532 donabit.
1004 3473 1061 3524 sort
