2546 3890
216 237 282 303 290
508 237 541 296 L.
564 235 711 294 ANNAEI
733 232 908 294 SENECAE

218 390 295 452 lices
315 395 345 448 et
365 389 523 461 Augustos
546 385 679 444 diximus
701 390 731 443 et
748 381 928 446 ambitiosae
942 387 1090 448 maiestati
1109 393 1195 463 quic-

220 473 294 548 quid
306 469 459 547 potuimus
470 469 623 530 titulorum
634 467 847 542 congessimus
860 468 1194 550 [illishoctribuenles],

217 555 336 616 Patrem
353 553 476 630 quidem
489 551 607 612 Patriae
621 551 858 626 adpellavimus‚
873 557 907 611 ut
917 551 1010 612 sciret
1019 553 1121 614 domm
1133 556 1194 614 sibl

219 645 401 716 potestatem
413 636 554 711 patriam,
571 649 650 708 quae
661 643 708 694 est
719 633 987 710 temperatissima,
1002 637 1106 698 libeu's
1118 654 1193 698 cou-

188 723 326 792 esulens
340 735 458 796 suaque
473 719 624 794 pastillos
635 733 799 792 reponens.
820 719 919 779 Tarde
930 717 990 780 sibi
1001 727 1192 794 patermem-

219 808 275 867 bra
290 821 347 866 suo
361 803 508 864 abscidat
529 803 618 862 etiam
633 817 702 862 cum
717 801 898 876 absciderit,
918 818 1071 878 reponere
1087 807 1194 880 cupiat

219 891 271 950 et
264 907 293 948 m
309 886 501 948 abscidendo
512 893 614 959 gemat
627 893 785 946 cunctatus
800 887 926 947 mrdtum
940 887 1063 963 diuque
1092 905 1193 964 prope
1253 929 1255 970 ᾖ

220 972 301 1032 enirn
321 977 382 1044 est,
409 977 442 1030 ut
466 968 594 1030 libenter
614 969 752 1043 damnet,
779 969 831 1045 qui
851 971 921 1030 cito.
954 986 1054 1046 prope
1073 979 1134 1046 est,
1158 981 1193 1033 ut
1253 977 1255 1030 l

219 1054 458 1130 iniquepuniat,
482 1052 534 1128 qui
549 1053 647 1112 nimis.
1253 1085 1255 1106 .

190 1151 208 1203 1
280 1139 346 1199 XV.
372 1137 552 1198 Trichonem
570 1138 703 1212 equitem
723 1136 895 1196 Romanum
916 1137 1192 1212 memorianostra,
1250 1115 1255 1216 J]

220 1222 292 1298 quia
306 1222 401 1282 lilium
415 1237 504 1282 suum
519 1217 649 1295 llugellis
667 1219 835 1289 occiderat,
853 1221 1007 1294 populus
999 1238 1030 1280 m
1041 1221 1108 1281 soro
1120 1237 1192 1296 gra

219 1307 300 1381 plniis
322 1305 467 1365 confodit.
496 1303 549 1363 vix
567 1305 649 1364 illum
663 1302 795 1376 Augusti
810 1302 950 1364 Caesaris
965 1305 1152 1365 auctoritas
1144 1323 1193 1364 rn-

189 1399 208 1452 2
221 1391 307 1450 lestis
317 1396 377 1449 tam
388 1395 507 1464 potrum
519 1402 610 1462 quam
623 1387 753 1446 liliorum
764 1387 904 1447 manibus
916 1387 1034 1463 ‘eripuit
1059 1388 1193 1464 Tarium,

221 1474 273 1549 qui
285 1473 378 1533 lilium
386 1470 611 1546 deprehensum
622 1471 651 1529 in
663 1469 825 1544 parricidio
833 1471 924 1531 exilio
932 1471 1195 1533 damnavitcausa

221 1556 351 1632 cognita,
363 1569 453 1614 nemo
464 1570 526 1614 non
538 1554 685 1628 suspexit,
701 1554 785 1627 quod
793 1563 955 1616 contentus
962 1555 1052 1616 exilio
1059 1557 1193 1616 etexilio

221 1641 350 1700 delicato
365 1638 520 1698 Massiliae
535 1636 714 1712 parricidam
731 1636 879 1698 continuit
891 1646 1033 1699 etannua
1045 1640 1086 1698 illi
1103 1656 1193 1714 prae-

221 1721 1194 1797 stitit,quantapraestareintegrosolebatehaecliberalitaseffe

221 1805 276 1880 cit,
296 1813 330 1867 ut
343 1806 373 1864 in
386 1821 447 1880 qua
458 1803 577 1865 civitate
589 1819 754 1879 numquam
765 1804 853 1866 deest
863 1811 1011 1880 patronus
1022 1807 1192 1882 peioribus,

220 1905 311 1950 nemo
323 1889 482 1964 dubitaret,
499 1889 571 1963 quin
582 1905 655 1948 reus
666 1888 773 1948 merito
781 1887 942 1949 damnatus
950 1898 1042 1961 esset,
1059 1906 1152 1965 quem
1165 1892 1193 1950 is

189 1980 306 2049 apaten
326 1973 471 2033 damnare
491 1972 656 2047 potuisset,
687 1972 737 2046 qui
753 1971 858 2032 odisse
879 1988 940 2032 non
960 1980 1086 2048 poterat.
1122 1975 1194 2035 Hoc

219 2055 527 2133 ipsoexemplodabo
536 2071 624 2132 quem
638 2069 789 2129 conpares
801 2056 883 2117 bono
892 2057 971 2132 patri
981 2055 1095 2118 bonum
1108 2061 1193 2132 prin-

221 2142 328 2216 cipem.
362 2140 544 2214 Cogniturus
561 2141 599 2198 de
613 2139 676 2198 filio
688 2139 793 2199 Tarius
809 2140 972 2201 advocavit
985 2141 1016 2200 in
1028 2142 1192 2202 consilium
1253 2193 1254 2222 3

221 2225 381 2282 Caesarem
395 2225 576 2297 Augustum.
603 2222 728 2282 venitin
743 2224 878 2297 privatos
894 2232 1036 2298 penales,
1059 2225 1190 2296 adsedit,
1253 2243 1254 2252 ¹

221 2322 295 2380 pars
309 2306 398 2365 alieni
413 2305 532 2365 consilii
545 2306 608 2366 luit.
628 2321 690 2366 non
702 2305 792 2366 dixit:
811 2306 902 2367 immo
914 2307 944 2367 in
956 2324 1055 2368 meam
1066 2309 1192 2370 domum

219 2389 331 2448 veniat.
354 2390 437 2464 quod
451 2390 479 2449 si
493 2391 603 2449 lactum
618 2397 716 2462 esset,
735 2389 875 2451 Caesaris
890 2392 992 2452 lutura
1006 2399 1071 2452 erat
1084 2393 1189 2467 cogni-

189 2474 277 2547 4tio‚
305 2488 367 2556 non
387 2474 491 2548 patris.
525 2474 637 2533 Audita
656 2489 751 2533 causa
772 2467 977 2550 excussisque
997 2475 1139 2536 omnibus
1161 2484 1194 2536 et

220 2558 267 2616 bis
284 2572 363 2632 quae
384 2557 567 2617 adulescens
589 2574 644 2632 pro
660 2572 696 2616 se
711 2557 830 2617 dixerat
844 2559 935 2619 ethis
952 2560 1061 2634 quibus
1077 2575 1192 2633 argue-

218 2643 323 2715 batur,
345 2641 419 2716 petit
433 2647 465 2699 ut
479 2642 657 2700 sententiam
671 2655 759 2700 suam
776 2642 908 2717 quisque
922 2643 1082 2715 scriberet,
1098 2659 1138 2702 ne
1152 2659 1194 2703 ea

220 2725 353 2784 omnium
367 2724 468 2796 lieret,
485 2739 564 2798 quae
576 2723 716 2784 Caesaris
731 2724 850 2786 luisset.
883 2726 994 2786 deinde
1008 2725 1192 2801 priusquam

197 2861 202 2866 ,
221 2808 408 2882 aperirentur
423 2807 567 2878 codicilli,
590 2808 700 2868 iuravit
714 2824 749 2868 se
762 2809 840 2869 Tarii
848 2808 859 2882 ,'
870 2809 1001 2870 hominis
1015 2810 1192 2884 locupletis,

190 2891 415 2953 ohereditatem
436 2907 496 2950 non
513 2891 670 2950 aditurum.
703 2893 790 2952 Dicet
806 2893 934 2969 aliquis=
958 2893 1067 2968 pusillo
1086 2894 1191 2954 animo

218 2973 330 3047 nmuit,
348 2991 386 3033 ne
400 2974 553 3034 videretur
567 2977 667 3034 locum
680 2977 747 3051 spei
759 2993 835 3037 suae
846 2977 966 3053 aperire
978 2977 1059 3036 velle
1069 2975 1123 3050 [in]
1136 2977 1192 3036 filii

217 3058 421 3118 damnatione.
449 3073 506 3132 ego
521 3064 626 3118 eontra
641 3060 748 3119 sentio.
772 3059 899 3134 quilibet
912 3067 1049 3120 nostruin
1063 3059 1191 3120 debuis-

218 3147 267 3200 set
285 3143 435 3202 adversus
456 3141 617 3216 opiniones
631 3143 779 3218 malignas
794 3143 869 3204 satis
884 3144 1015 3204 fiduciae
1029 3143 1144 3204 babere
1158 3144 1191 3203 in

212 3223 300 3284 ‘bona
321 3225 526 3297 conscientia,
557 3225 710 3301 principes
732 3227 825 3287 multa
844 3228 957 3287 debent
975 3228 1067 3288 etiam
1088 3227 1192 3287 lamae
1252 3225 1253 3240 ¹

185 3307 301 3366 odere.
329 3307 443 3368 Iuravit
462 3325 497 3368 se
518 3325 578 3368 uon
595 3310 745 3370 aditurum
762 3310 967 3370 hereditatem.
998 3310 1107 3371 Tarius
1122 3312 1191 3386 qui-

219 3391 288 3448 dem
303 3390 412 3449 eodem
427 3392 477 3450 die
491 3398 521 3450 ct
535 3395 660 3452 alterum
675 3393 820 3453 heredem
833 3393 981 3469 perdidit,
1003 3395 1060 3455 sed
1076 3393 1193 3454 Caesar

217 3471 385 3532 libertatem
407 3475 574 3534 sententiae
594 3491 670 3535 suae
684 3477 820 3537 redemit.
846 3485 880 3538 et
897 3486 1060 3553 postquam
1075 3477 1193 3553 adpro·
