2554 3888
251 279 301 337 DE
315 279 650 352 TRANQUILLITATE
666 279 787 338 ANIMI.
804 288 890 342 5-7.
993 280 1055 343 181

76 431 179 504 dum,
196 446 270 505 quo
291 439 326 490 te
342 431 401 490 vis
422 431 571 505 ingenii
591 433 702 492 seret.
732 434 885 495 Isocrates
898 436 1056 511 Ephorum

74 513 191 574 iniecta
207 530 300 574 manu
314 531 333 572 a
346 515 414 574 foro
431 513 577 575 subduxit
591 515 741 576 utiliorem
758 518 972 594 conponendis
991 539 1054 582 mo-

74 596 231 658 numentis
252 597 447 658 historiarum
461 607 556 658 ratus.
592 601 670 660 male
690 601 769 659 enim
790 604 981 678 respondent
1004 621 1055 666 co·

11 683 12 688 ’
76 689 147 742 acta
166 681 303 756 ingenia:
329 684 497 742 reluctante
517 691 625 744 natura
646 683 754 745 inritus
775 685 863 748 labor
885 691 978 764 est.†
998 689 1085 752 Neo

75 781 169 826 cesse
183 769 238 824 'est
249 781 284 826 sc
299 769 402 840 ipsum
416 767 591 840 aestimare,
612 768 684 842 quia
699 771 762 828 lere
777 771 848 844 plus
866 772 954 831 nobis
971 771 1055 832 vide-

75 866 144 910 mur
170 865 266 924 posse
293 867 385 925 qnam
410 867 593 926 possumus:
622 851 700 912 alius
725 854 919 928 eloquentiae
942 855 1057 916 fiducia

75 933 262 1007 prolabitur,
291 935 369 995 alius
395 933 577 1008 patrimonio
603 951 661 995 suo
686 937 756 1011 plus
780 939 942 1012 imperavit
965 957 1057 1012 quam

76 1019 159 1076 terre
173 1024 297 1093 posset,
322 1019 400 1078 alius
414 1019 565 1078 infirmum
580 1035 695 1094 corpus
710 1020 866 1082 laborioso
882 1025 997 1098 pressit
1011 1023 1053 1083 ol-

75 1101 159 1162 ficio.
192 1103 395 1176 quorumdam
422 1119 530 1176 parum
550 1103 661 1163 idonea
682 1112 730 1164 est
750 1107 937 1166 verecundia
961 1109 1055 1166 rebus

77 1185 236 1259 civilibus,
253 1202 332 1260 quae
347 1188 475 1260 primam
491 1188 621 1248 lrontem
637 1187 821 1248 desiderant.
854 1191 1056 1264 quorumdam

79 1270 272 1330 contumacia
286 1271 436 1347 nonllacit
450 1271 490 1330 ad
505 1272 614 1331 cartam.
639 1271 762 1345 quidam
777 1289 839 1332 non
854 1271 967 1333 habent
981 1275 1057 1333 iram

79 1353 109 1411 in
133 1360 287 1428 potestate
311 1361 341 1413 et
361 1355 431 1414 illos
452 1355 493 1414 ad
512 1355 673 1414 temeraria
693 1356 788 1415 verba
804 1357 957 1431 quaelibet
980 1358 1056 1417 indi-

79 1437 183 1510 gnatio
214 1437 313 1498 offert.
350 1438 473 1514 quidam
502 1439 702 1498 urbanitatem
731 1441 872 1500 nesciunt
900 1443 1057 1501 continere

80 1537 137 1580 nec
163 1522 346 1596 periculosis
368 1521 522 1582 abstinent
542 1523 667 1583 salibus.
712 1521 857 1584 Omnibus
886 1524 933 1584 his
954 1525 1057 1586 utilior

79 1606 205 1678 negotio
221 1607 309 1680 quies
324 1615 385 1666 est:
415 1607 503 1666 ferox
517 1607 732 1682 inpatiensque
746 1615 854 1668 natura
866 1609 1058 1669 inritamenta
1113 1626 1115 1630 ·

80 1691 239 1750 nociturae
254 1690 400 1750 libertatis
416 1691 517 1751 evitet.
539 1691 791 1751 Aestimanda
811 1699 900 1752 sunt
915 1693 1083 1753 deindet

80 1773 183 1847 ipsa,
208 1789 305 1848 quae
326 1775 588 1848 adgredimur,
613 1779 648 1833 et
667 1776 773 1835 vires
793 1785 953 1836 nostrae
975 1793 1056 1836 oum

79 1858 213 1929 rebus,
236 1875 333 1932 quas
352 1859 582 1932 temptaturi
598 1861 1055 1934 sumus‚·conparandae.

79 1940 179 2001 Debet
199 1941 280 2000 enirn
295 1956 418 2016 semper
433 1943 503 2016 plus
525 1958 596 2002 esse
613 1942 719 2002 virium
739 1942 769 2000 in
788 1951 893 2002 actore
911 1959 1004 2017 quam
1025 1946 1056 2000 in

80 2040 184 2084 onere.
206 2041 337 2085 neccsse
349 2032 397 2086 est
408 2027 582 2100 opprimant
593 2042 700 2100 onera,
717 2042 796 2100 quae
810 2028 926 2086 serente
941 2026 1057 2086 maiora

80 2115 161 2169 sunt.
191 2108 347 2182 Quaedam
368 2119 528 2184 praeterea
549 2126 610 2170 non
631 2118 693 2170 tarn
713 2125 825 2184 magna
846 2118 918 2170 sunt
933 2109 1082 2184 negotia5

80 2209 174 2267 quam
189 2193 321 2252 leounda
335 2195 523 2268 multumque
535 2195 726 2268 negotiorum
741 2196 850 2254 lerunt.
873 2195 994 2255 ethaeo
1008 2210 1055 2253 re—

80 2277 227 2350 lugienda
242 2285 327 2350 sunt,
356 2278 528 2352 exquibus
550 2295 631 2338 nova
651 2280 814 2354 occupatio
836 2278 1056 2353 multiplexque

79 2369 233 2422 nascetur.
265 2375 322 2420 nec
339 2361 548 2420 accedendum
564 2377 616 2434 eo,
632 2363 714 2421 unde
728 2362 805 2422 liber
817 2377 979 2436 regressus
994 2379 1057 2422 non

79 2445 134 2504 siu
155 2445 193 2504 iis
216 2445 410 2505 admovenda
427 2461 536 2505 manus
552 2453 613 2518 est,
637 2462 766 2520 quorum
781 2447 873 2506 finem
888 2454 940 2504 aut
954 2449 1056 2504 lacere

79 2538 132 2588 aut
153 2537 236 2590 certe
254 2545 381 2604 sperare
402 2531 516 2604 possis.
546 2531 762 2604 relinquenda,
785 2545 864 2604 quae
880 2531 969 2588 latius
985 2537 1056 2587 actu

78 2613 252 2688 procedunt
266 2614 388 2674 necubi
403 2615 606 2688 proposueris
621 2613 787 2690 desinunt.¹

141 2697 208 2755 Vll.
241 2697 442 2757 Hominum
473 2697 611 2773 utique
639 2699 820 2758 delectus
850 2695 1083 2760 habendust

79 2787 154 2840 est:
180 2795 220 2839 an
242 2780 327 2856 digni
349 2782 410 2841 sint
431 2783 542 2856 quibus
563 2791 680 2856 partem
701 2783 781 2842 vitae
801 2789 926 2841 nostrae
947 2779 1055 2854 inpen-

78 2863 205 2937 damuS,
232 2881 270 2923 an
297 2866 336 2924 ad
361 2865 431 2925 illos
453 2867 600 2940 temporis
624 2866 721 2926 nostri
746 2867 862 2924 iactura
886 2865 1055 2939 perveniat.

79 2947 205 3020 quidam
225 2949 306 3008 enim
327 2950 406 3010 ultro
429 2951 531 3010 officia
553 2950 644 3010 nobis
664 2958 770 3010 nostra
786 2950 934 3023 inputant.
961 2947 1086 3010 Athe-2

76 3032 217 3092 nodorus
239 3033 281 3092 ait
300 3048 370 3106 „ne
391 3035 438 3092 ad
458 3049 616 3092 coenam
632 3035 784 3108 quidem
800 3049 841 3092 se
856 3033 996 3092 iturum
1011 3032 1057 3090 ad

78 3129 176 3187 cum,
203 3116 268 3190 qui
289 3116 366 3175 sibi
386 3118 441 3176 nil
462 3134 530 3192 pro
551 3117 623 3185 hoc
639 3117 843 3178 debiturus
860 3117 952 3177 sit“:
981 3121 1054 3190 puto

75 3198 229 3274 intellegis
244 3199 452 3261 multominus
467 3201 508 3260 ad
523 3217 578 3261 eos
593 3203 720 3275 iturum,
737 3203 789 3275 qui
805 3218 873 3262 cum
889 3201 1055 3260 amicorum

77 3283 190 3342 officiis
211 3282 298 3359 paria
318 3301 425 3346 mensa
442 3286 570 3360 faciunt,
593 3285 645 3360 qui
666 3286 792 3344 fericula
811 3303 867 3360 pro
890 3283 1054 3359 congiariis

75 3374 253 3440 numerant,
275 3367 364 3442 quasi
378 3369 409 3427 in
427 3369 557 3430 alienum
571 3369 719 3429 honorem
734 3371 969 3444 intemperantes
986 3370 1054 3428 sint.

76 3451 167 3510 deme
188 3452 249 3511 illis
271 3459 367 3512 testes
382 3461 652 3530 spectatoresque:
675 3469 737 3514 non
762 3454 925 3513 delectabit
939 3451 1055 3526 popina

75 3541 206 3594 secreta.
223 3534 245 3600 ss
259 3535 337 3596 Nihil
352 3544 451 3596 tamen
469 3553 568 3614 aeque
584 3537 782 3598 oblectaverit
796 3538 944 3610 animum,
962 3538 1080 3609 quam3
