2528 3906
207 266 269 330 128
407 264 441 324 L.
462 262 609 322 ANNAEI
631 261 807 321 SENECAE
827 260 929 320 DlAL.
950 261 1004 319 Vl.

206 416 285 477 llicit
292 413 529 475 omnibusnobis
537 419 658 472 natura:
681 410 857 485 „Neminem
865 407 997 484 decipio.
1012 416 1044 469 tu
1060 409 1087 469 si
1102 409 1188 470 filios

207 498 377 569 sustuleris,
393 497 509 572 poteris
523 493 637 556 habere
653 494 816 567 formosos,
840 500 871 552 et
885 493 1041 553 deformes
1058 495 1186 567 poteris.

207 586 339 643 fortasse
354 583 467 658 [pauca
478 580 620 653 sortasse]
636 577 719 638 multi
734 584 907 637 nascentur.
931 592 1003 637 esse
1017 577 1129 652 aliquis
1146 593 1188 635 ex

174 673 191 731 7
206 667 338 725 illistam
355 670 493 724 servator
514 661 629 738 patriae
645 677 736 736 quarn
758 661 896 735 proditor
910 661 1031 736 poterit
1054 675 1115 720 non
1136 667 1188 720 est

208 750 291 824 quod
313 749 461 822 desperes
482 753 582 806 tantae
606 743 790 820 dignationis
813 745 941 817 futuros,
962 752 995 804 ut
1016 759 1104 804 nemo
1130 743 1186 802 tibi

207 839 333 906 propter
347 831 414 891 illos
430 828 612 889 maledicere
624 829 749 888 audeat:
767 843 907 902 propone
921 834 1021 886 tamen
1037 833 1068 886 et
1081 834 1187 886 tantae

207 917 325 976 futuros
337 911 542 988 turpitudinis,
553 920 586 973 ut
596 911 656 985 ipsi
667 911 828 970 maledicta
840 911 909 971 sint.
933 909 1005 970 nibil
1017 917 1100 970 vetat
1113 909 1186 970 illos

206 998 259 1058 tibi
275 1012 419 1072 suprema
432 1003 590 1071 praestare
601 1002 631 1054 et
645 994 762 1054 laudari
777 1000 835 1053 tea
849 994 953 1054 liberis
968 994 1044 1054 tuis:
1065 994 1121 1054 sed
1138 993 1186 1052 sic

206 1090 236 1142 te
252 1097 326 1156 para
339 1086 493 1155 tamquam
508 1079 537 1137 in
555 1078 624 1152 igne
638 1077 809 1152 inpositura
826 1078 876 1137 vel
892 1092 1019 1152 puerum
1035 1078 1083 1135 vel
1098 1077 1186 1136 iuve—

206 1181 276 1226 nem
292 1165 340 1222 vel
356 1177 471 1222 senem.
501 1162 573 1222 nihil
588 1162 668 1221 enlm
688 1162 727 1220 ad
748 1176 811 1219 rem
833 1162 984 1235 pertinent
1002 1160 1082 1234 anni,
1107 1175 1185 1234 quo-

207 1249 287 1308 niam
302 1247 417 1307 nullum
431 1262 494 1304 non
511 1245 655 1305 acerbum
670 1245 762 1304 funus
778 1252 834 1317 est,
850 1245 934 1319 quod
951 1260 1064 1318 parens
1079 1243 1186 1317 sequi-

206 1340 264 1392 tur.
285 1331 360 1390 Post
372 1329 429 1390 has
439 1330 524 1404 leges
537 1329 723 1403 propositas,
738 1329 764 1388 si
779 1327 893 1388 liberos
905 1327 996 1400 tollis,
1012 1326 1093 1388 omni
1105 1327 1185 1387 deos

207 1416 320 1475 invidia
333 1413 456 1486 liberm,
473 1412 525 1488 qui
540 1412 593 1472 tibi
608 1411 681 1472 nihil
698 1412 771 1471 certi
787 1411 1030 1487 spoponderunt

177 1509 191 1561 l
267 1498 373 1558 XVlll.
397 1497 447 1556 Ad
461 1495 540 1555 hanc
554 1496 715 1570 imaginem
730 1495 859 1569 agedum
875 1495 968 1556 totius
983 1494 1063 1554 vitae
1079 1493 1185 1554 introi·

206 1591 270 1643 tum
283 1582 462 1640 referamus.
496 1579 668 1656 Syracusas
692 1576 808 1638 viseres
829 1578 1004 1638 deliberanti
1023 1577 1077 1638 tibi
1098 1579 1185 1653 quie·

208 1665 282 1740 quid
297 1663 449 1722 delectare
464 1668 592 1737 poterat,
608 1661 754 1738 quicquid
769 1661 936 1733 offendere,
951 1660 1094 1736 exposui.
1111 1669 1187 1735 puta
1255 1731 1256 1738 ἵ

208 1747 345 1808 nascenti
360 1762 408 1806 me
420 1745 473 1805 tibi
488 1746 593 1805 venire
607 1747 637 1804 in
653 1745 828 1806 consilium:
847 1747 1011 1806 intraturus
1026 1761 1061 1806 es
1076 1745 1186 1804 urbem
1255 1749 1256 1804 Ξ

208 1833 256 1891 dis
276 1829 738 1906 hominibusqueoommunem,
761 1829 863 1890 omnia
888 1831 1070 1904 conplexam
1087 1829 1186 1889 certis

208 1914 327 1989 legibus
342 1915 537 1988 aeternisque
545 1914 724 1986 devinctam,
740 1913 936 1986 indefatigata
951 1912 1185 1974 coelestiumol·

176 2002 194 2054 t
208 1999 278 2059 ficia
288 2000 469 2057 volventem.
486 1996 603 2056 videbis
616 1997 677 2056 illic
686 1996 912 2057 innumerabilis
925 1998 1038 2070 stellas,
1055 1997 1185 2074 [videre]

207 2081 364 2142 miraberis
383 2095 445 2140 uno
458 2080 559 2140 sidere
571 2081 673 2140 omnia
682 2081 800 2155 inpleri,
815 2080 912 2140 solem
925 2081 1077 2140 cotidiano
1090 2096 1187 2140 cursu
1254 2147 1255 2154 ἵ

208 2165 257 2224 die
277 2164 439 2238 noctisque
460 2164 559 2238 spatia
578 2164 756 2237 signantem,
779 2179 881 2223 annuo
900 2170 1033 2225 aestates
1049 2164 1185 2223 hiemes·
1254 2161 1255 2222 ἕ

209 2248 470 2322 queaequaliper]
482 2263 582 2321 usque
597 2247 790 2308 dividentem.
814 2247 932 2308 videbis
944 2254 1123 2308 nocturnam
1137 2248 1184 2306 lu·
1254 2235 1255 2299 l

207 2346 266 2388 nae
280 2331 520 2402 successionem,
534 2347 552 2388 a
567 2331 707 2390 fraternis
725 2331 904 2392 occursibus
923 2333 991 2390 lene
1006 2332 1185 2390 remissum-

208 2429 268 2488 que
285 2414 385 2473 lumen
401 2421 585 2474 mutuantem
601 2421 631 2473 et
650 2415 742 2475 modo
758 2417 917 2490 occultam,
940 2415 1032 2475 modo
1054 2422 1116 2474 toto
1130 2430 1186 2474 ore

208 2497 295 2557 terris
310 2498 519 2572 inminentem,
542 2496 773 2559 accessionibus
798 2499 979 2573 damnisque
999 2496 1184 2571 mutabilem,
1253 2551 1254 2572 ,

174 2585 328 2657 asemper
342 2581 501 2656 proximae
517 2581 704 2641 dissimilem.
728 2581 998 2657 videbisquinque
1020 2583 1123 2641 sidera
1139 2580 1182 2640 di·
1253 2573 1254 2612 ³

206 2679 313 2724 versas
328 2659 448 2738 a‘gentia
464 2664 529 2724 vias
544 2672 574 2724 et
588 2665 618 2724 in
634 2665 817 2726 eontrarium
832 2664 990 2741 praecipiti
1004 2665 1118 2726 mundo
1139 2663 1185 2724 ni-

205 2749 306 2806 tentia.
329 2764 370 2808 ex
389 2748 499 2808 horum
513 2749 675 2808 levissimis
693 2747 826 2810 motibus
842 2751 981 2810 fortunae
998 2749 1185 2825 populorum

206 2830 380 2904 dependent
391 2837 421 2890 et
431 2829 564 2892 maxima
574 2847 611 2890 ac
623 2831 746 2892 minima
758 2833 886 2908 proinde
899 2834 1075 2906 formantur,
1093 2839 1187 2907 prout
1252 2871 1253 2874 κ

207 2929 337 2988 aequum
352 2913 527 2989 iniquumve
541 2913 631 2974 sidus
650 2915 784 2976 incessit.
809 2916 966 2976 miraberis
987 2917 1104 2976 coiecta
1128 2933 1184 2976 nu·
1252 2943 1253 3000 q

206 2994 267 3054 bila
282 3004 312 3056 et
327 2995 472 3075 cadentes
485 3013 584 3072 aquas
602 3007 632 3058 et
652 2999 777 3075 obliqua
797 3000 921 3060 fulmina
936 3007 966 3060 et
986 3000 1064 3062 coeli
1081 3000 1185 3074 frago-
1252 3013 1253 3030 ¹

174 3079 280 3138 trem.
310 3079 384 3139 Cum
399 3079 525 3141 satiatus
543 3083 720 3156 spectaculo
739 3099 920 3158 superorum
936 3084 1090 3144 interram
1109 3098 1185 3142 ocu·

206 3162 254 3222 los
271 3162 430 3238 deieceris,
447 3164 580 3239 excipiet
594 3173 623 3225 te
639 3167 698 3226 alia
712 3168 834 3228 fortuna
847 3183 948 3227 rerum
963 3169 1113 3242 aliterque
1128 3167 1185 3224 mi-

205 3245 326 3305 rabilis=
348 3246 418 3307 hinc
435 3263 611 3322 camporum
633 3250 662 3307 in
678 3250 826 3312 infinitum
847 3251 1010 3325 patentium
1033 3253 1103 3312 fusa
1119 3250 1183 3324 pla-

166 3329 168 3333 ’
206 3327 305 3403 nities,
319 3328 685 3406 hincmontiummagnis
706 3342 735 3394 et
751 3325 1113 3408 nivalibus'surgentium
1140 3333 1186 3394 iu-

206 3409 253 3484 gis
265 3413 357 3471 erecti
368 3413 397 3470 in
411 3413 540 3472 sublime
551 3416 691 3476 vertices.
715 3417 851 3478 deiectus
862 3417 1018 3478 fluminum
1030 3424 1059 3476 et
1070 3431 1109 3476 ex
1120 3433 1185 3476 uno

206 3495 290 3555 fonte
305 3495 334 3554 in
351 3496 539 3556 occidentem
555 3499 763 3574 orientemque
778 3501 878 3560 delusi
890 3516 995 3560 amnes
1010 3507 1040 3560 et
1054 3501 1186 3560 srunmis
