2522 3906
148 193 192 257 56
438 194 473 253 L.
494 194 641 254 ANNAEI
665 191 841 254 SENECAE

116 353 138 406 1
208 345 261 404 lV.
283 344 321 404 Et
334 352 368 404 ut
383 344 464 404 scias
480 343 736 417 quemadmodum
756 341 902 417 incipiant
921 341 1062 404 adlectus
1080 350 1138 406 aut
1216 355 1217 358 ’

148 437 291 488 crescant
307 435 359 486 aut
373 426 545 499 1111111111,
562 433 610 486 est
622 425 738 501 primus
750 432 851 486 motus
866 440 927 485 111
943 425 1134 486 voluntarius
1212 452 1215 461 ·

151 513 240 586 quasi
256 511 448 586 praeparatio
464 510 604 570 adlectus
620 518 650 570 et
643 509 815 605 quaedam
832 507 1036 569 comminatio
1057 509 1137 570 alter

150 611 220 655 eum
234 596 390 656 voluntate
404 610 465 654 non
481 584 667 665 contumaci,
681 601 835 666 tamquam
851 598 991 666 oporteat
1003 607 1052 652 me
1066 593 1135 652 vin·

149 678 260 753 dicari,
282 693 352 737 eum
371 677 475 736 laesus
496 677 570 751 sim,
591 683 642 736 aut
663 683 802 751 oporteat
820 675 902 736 huuc
916 691 1033 751 poenas
1049 676 1136 749 dare,
1226 697 1229 730 ι

150 777 219 820 cnm
240 761 343 820 scelus
365 761 480 820 lecerit.
507 759 614 821 tertius
633 767 734 820 motus
754 766 803 820 est
822 759 881 818 iam
895 760 1056 834 inpotens,
1081 760 1136 834 qui
1229 792 1232 803 ·

150 861 212 906 nou
229 844 256 904 si
272 850 407 919 oportet,
429 843 537 904 ulcisci
552 845 629 917 vult,
646 841 701 903 sed
717 843 823 918 utique
840 843 892 920 qui
906 844 1057 904 rationem
1071 843 1136 901 evi·

120 929 200 988 1111.
226 927 357 988 Primum
379 928 461 986 illum
482 925 1042 1002 1111111111111131111111111111
1059 941 1136 1001 pos·

59 1069 62 1073 .
151 1027 274 1084 sumus,
297 1011 376 1071 sicut
396 1025 435 1069 ne
455 1009 507 1070 illa
528 1009 651 1086 quidem
669 1027 749 1086 quae
763 1009 896 1071 diximus
910 1009 1051 1072 accidere
1067 1025 1136 1070 111

151 1094 297 1169 poribus,
313 1110 352 1153 11
367 1101 425 1154 nos
440 1093 580 1156 oscitatio
595 1093 695 1153 aliena
708 1094 865 1168 sollicitet,
884 1108 923 1154 no
939 1093 1019 1154 oculi
1033 1093 1074 1154 ad
1088 1093 1135 1152 in-

150 1179 346 1238 tentationem
374 1177 506 1238 subitam
529 1177 691 1253 digitorum
718 1177 953 1253 conprimentur.
985 1176 1045 1237 ista
1071 1192 1136 1236 non

151 1271 255 1337 potest
272 1262 350 1322 ratio
372 1263 510 1332 vincere,
533 1263 723 1323 consuetudo
745 1262 877 1322 fortasse
891 1267 922 1320 et
935 1259 1066 1320 adsidua
1079 1259 1136 1320 ob-

151 1346 285 1406 servatio
302 1351 453 1406 extenuat.
486 1346 572 1406 Alter
592 1345 642 1406 ille
662 1352 764 1406 motus
785 1345 838 1422 qui
857 1343 970 1405 iudicio
988 1344 1137 1454 nascitur,

151 1429 277 1491 iudicio
279 1430 403 1490 tollitur.

121 1522 138 1573 1
210 1515 249 1572 V.
271 1513 349 1573 lllud
370 1514 541 1574 etiamnunc
562 1511 770 1587 quaerendum
792 1519 854 1584 est,
873 1510 910 1570 hi
932 1511 996 1586 qui
1016 1511 1137 1586 volgo

152 1597 388 1656 saeviuntet
403 1597 594 1670 sauguine
609 1595 771 1655 humano
790 1594 978 1670 gaudent,
993 1611 1038 1656 an
1057 1593 1136 1653 ira·

151 1688 323 1753 scantur,
340 1679 725 1752 cumeosoccidunt,
739 1679 914 1775 aquibus
935 1693 1003 1738 nec
1023 1692 1136 1737 acce·

152 1769 294 1836 111111
316 1761 497 1822 iniuriam
523 1777 594 1821 nec
620 1761 826 1837 accepisse
851 1763 966 1842 ipsos
993 1760 1135 1820 existi-

121 1853 267 1908 2mant=
290 1845 389 1922 qualis
409 1847 465 1906 luit
484 1845 694 1922 Apollodorus
715 1854 767 1906 aut
785 1843 931 1904 Phalaris.
967 1845 1051 1906 llaec
1071 1860 1137 1904 non

152 1936 200 1988 est
214 1928 274 2004 ira,
290 1930 396 1990 feritas
410 1938 465 1990 est.
488 1946 550 1990 non
566 1930 645 1988 enim
661 1931 733 2005 qula
747 1929 888 2025 aceepit
880 1929 1019 1989 iniuriam
1034 1935 1139 2002 nocet,

152 2013 209 2072 sed
224 2021 330 2088 parata
344 2021 405 2089 est,
427 2015 499 2074 dum
519 2021 643 2086 noceat,
662 2015 740 2073 velle
755 2014 906 2088 accipere.
935 2010 1051 2072 necilli
1067 2027 1135 2071 ver·

149 2096 225 2156 bera
244 2097 509 2174 lacerationesque
529 2097 560 2156 in
583 2097 728 2157 ultionem
743 2104 902 2173 petuntur,
924 2095 981 2158 sed
1001 2096 1030 2157 in
1046 2097 1135 2156 volu-

119 2187 273 2253 aptarem.
297 2180 374 2253 Quid
389 2186 484 2255 ergo?
506 2180 592 2254 origo
606 2181 697 2240 huius
712 2180 782 2240 mali
797 2181 835 2240 ab
849 2180 895 2240 iro
909 2189 971 2255 est,
987 2196 1067 2257 quae
1081 2180 1137 2242 ubi
1161 2197 1167 2204 ⁸

150 2264 301 2338 frequenti
317 2263 536 2324 exercitatione
551 2271 582 2323 et
595 2265 734 2324 satietate
754 2263 784 2324 in
801 2264 985 2326 oblivionem
1001 2266 1134 2324 elemen-

149 2347 210 2406 tiae
224 2347 307 2406 venit
321 2353 352 2406 11
373 2363 463 2407 omne
478 2348 588 2408 loedus
603 2347 768 2409 humanum
786 2347 875 2408 eiecit
889 2349 1005 2422 animo,
1027 2347 1133 2408 novis-

150 2429 228 2488 sime
242 2429 271 2490 in
288 2431 495 2491 crudelitatem
510 2432 632 2492 transit:
653 2431 753 2492 rident
772 2431 876 2507 itaque
893 2433 1089 2506 gaudentque
1103 2439 1137 2492 et
1173 2499 1174 2503 ,

149 2515 306 2590 voluptate
336 2514 430 2574 multa
455 2517 651 2590 pertruuntur
678 2516 902 2591 plurimumque
925 2515 964 2575 ab
988 2515 1135 2582 iratorum

118 2598 234 2658 cvouu
249 2598 375 2672 absunt,
390 2614 446 2674 per
461 2600 555 2660 otium
570 2598 664 2660 saevi.
691 2598 893 2659 Hannibalern
906 2600 989 2659 aiunt
1004 2597 1136 2672 dixisse,
1182 2605 1184 2608 ’

150 2697 220 2742 cum
235 2683 349 2743 fossam
364 2683 514 2758 sanguine
528 2683 661 2743 humano
676 2683 797 2757 plenam
811 2683 955 2744 vidissem
976 2698 994 2743 o
1010 2682 1132 2755 formo-

147 2781 215 2824 sum
234 2765 455 2841 spectaculum!
477 2765 595 2842 Quanto
616 2765 776 2840 pulchrius
796 2765 838 2824 illi
860 2765 958 2826 visum
979 2773 1090 2838 esset„
1104 2765 1134 2824 si

148 2847 263 2908 flumen
280 2849 582 2925 aliquodlacumque
593 2849 791 2925 conplessetl
806 2848 883 2923 Quid
897 2850 1014 2923 mirum,
1029 2850 1055 2908 si
1070 2849 1131 2909 hoc

147 2931 280 2991 maxime
295 2933 471 3006 spectaculo
487 2932 606 3008 caperis
626 2933 749 2994 innatus
764 2932 904 3008 sanguini
920 2939 950 2993 et
966 2933 1004 2994 ab
1017 2933 1135 2992 1111111

148 3014 294 3094 caedibus
307 3015 470 3076 admotus?
480 3023 626 3092 sequetur
637 3025 666 3076 11
677 3018 800 3078 fortuna
811 3016 980 3078 crudelitati
992 3023 1063 3078 tuae
1076 3031 1137 3090 per

145 3095 255 3172 viginti
269 3113 368 3158 annos
383 3100 520 3160 secunda
535 3100 680 3175 dabitque
695 3099 792 3162 oeulis
807 3101 868 3161 tuis
882 3107 1000 3174 gratum
1015 3100 1134 3172 ubique

149 3184 367 3254 spectaculum.
395 3183 514 3244 videbis
534 3181 617 3243 istud
638 3191 668 3242 et
688 3185 769 3244 cirea
779 3183 987 3244 Trasimenum
1003 3191 1034 3243 et
1049 3182 1134 3243 circa

118 3264 268 3325 acaunus
289 3273 320 3326 11
345 3267 513 3328 novissime
527 3267 616 3327 circa
638 3267 847 3342 Carthaginem
869 3276 961 3328 tuam.
976 3267 1133 3332 ,Volesus

148 3364 248 3422 nuper
262 3349 319 3408 sub
335 3350 406 3410 divo
421 3354 561 3426 Augusto
576 3351 744 3426 proconsul
757 3351 867 3424 Asiae,
887 3367 956 3412 cum
975 3356 1130 3410 trecentos

146 3446 209 3492 uno
225 3432 274 3494 die
291 3435 391 3494 securi
406 3435 623 3512 percussisset,
639 3435 786 3496 incedens
802 3435 880 3494 iuter
895 3434 1048 3496 cadavera
1061 3432 1130 3492 vol-
