2522 3906
99 279 372 340 contumetiam
385 280 575 341 ACCIPERE
592 282 818 342 SAPIENTEM.
835 287 970 346 ill—V.
1012 287 1053 350 21

83 434 192 493 auribus
214 441 245 492 et
266 433 428 507 digitorum
450 418 551 493 motus
573 441 603 494 et
623 435 681 494 alia
699 451 778 510 quoe
798 436 904 512 inpetu
919 442 1053 513 quodam

81 519 180 578 erroris
194 518 350 592 inprovidi
365 519 527 592 refugiunt.
550 519 663 578 Iniuria
674 519 865 594 propositum
881 523 940 583 hoo
952 524 1082 595 habeta

22 627 23 630 ¹
83 603 200 676 aliquem
219 603 301 662 malo
319 601 462 660 adlicere.
490 604 571 664 malo
593 610 693 663 autem
715 605 866 678 sapientia
886 623 947 666 non
963 610 1052 668 relin-

83 687 137 759 quil
154 687 267 746 locum.
302 702 395 744 unum
417 687 497 745 enim
517 687 559 746 illi
580 689 692 746 malum
712 696 761 748 est
779 691 952 765 turpitudo,
973 709 1053 765 quae

80 770 177 830 intrare
199 785 237 829 eo
259 769 312 828 ubi
333 770 393 828 iam
413 770 511 830 virtus
533 769 759 846 honestumque
781 780 842 848 est,
864 791 925 832 non
943 783 1052 848 potest.

81 869 142 928 ergo
157 853 184 914 si
199 854 310 914 iniuria
326 855 393 913 sine
407 857 487 914 malo
504 857 588 914 nulla
603 865 665 930 est,
680 857 792 916 malum
809 859 866 918 nisi
881 866 971 933 turpe
987 861 1053 918 nul-

80 939 131 997 lum
150 945 212 1009 est,
235 945 326 1012 turpe
346 945 446 997 autem
468 939 506 998 ad
527 939 666 1000 honestis
687 950 871 1015 occupatum
891 945 1053 1017 pervenire

80 1039 131 1080 non
152 1029 267 1096 potest:
288 1021 398 1080 iniuria
416 1023 456 1082 ad
477 1024 648 1098 sapientem
668 1041 730 1083 non
753 1027 900 1098 pervenit.
933 1043 1002 1086 nam
1024 1027 1052 1087 si

79 1104 176 1166 iniuria
196 1107 325 1166 alieuius
346 1107 416 1164 mali
437 1108 582 1180 patientia
596 1115 658 1179 est,
681 1109 806 1182 sapiens
822 1121 924 1170 autem
939 1111 1051 1170 nullius

77 1191 138 1248 mali
149 1199 196 1250 est
208 1191 336 1264 patiens
348 1191 430 1248 nulla
441 1192 479 1250 ad
493 1193 661 1266 sapientem
673 1192 781 1251 iniuria
793 1195 932 1267 pertinet.
948 1193 1052 1254 Omnis
1065 1201 1082 1254 4

22 1289 24 1302 ·
78 1273 176 1333 iniuria
197 1275 355 1334 diminutio
378 1275 444 1334 eius
466 1283 513 1335 est
539 1276 569 1333 in
593 1291 683 1349 quem
706 1277 846 1348 incurrit,
873 1293 930 1336 nee
951 1285 1054 1351 potest

79 1357 232 1433 quisquam
260 1357 400 1416 iniuriam
428 1359 568 1432 aeeipere
589 1359 656 1417 sine
677 1359 780 1432 aliquo
804 1361 982 1419 detrimento
1005 1362 1053 1419 vel

78 1441 221 1516 dignitatis
233 1443 283 1500 vel
299 1441 439 1516 eorporis
453 1445 500 1500 vel
514 1459 615 1501 rerum
630 1448 717 1501 extra
732 1459 789 1502 nos
804 1444 983 1517 positarum.
1005 1460 1053 1502 sa*

79 1527 155 1598 piens
172 1533 273 1586 autem
294 1526 368 1584 nihil
389 1527 519 1600 perdere
539 1533 649 1601 potest.
679 1528 783 1587 omnia
802 1527 833 1585 in
854 1543 889 1586 se
903 1527 1052 1602 reposuit,

77 1610 140 1677 nihil
155 1613 298 1670 fortunae
311 1611 422 1683 eredit,
437 1609 520 1670 bona
534 1626 591 1669 sua
606 1610 636 1668 in
652 1609 752 1671 solido
768 1610 875 1684 habet,
892 1617 1052 1671 contentus

78 1695 192 1767 virtute,
210 1709 290 1769 quae
307 1695 436 1754 fortuitis
449 1711 510 1754 non
526 1695 641 1768 indiget
654 1693 788 1770 ideoque
804 1711 861 1754 nee
876 1695 981 1769 augeri
998 1710 1054 1754 nee

76 1779 158 1838 minui
173 1787 286 1853 potest.
308 1795 379 1838 nam
394 1785 423 1838 et
436 1777 466 1838 in
484 1795 634 1838 summum
647 1780 793 1852 perducta
803 1780 981 1838 inerementi
993 1795 1053 1838 non

77 1861 158 1922 habet
179 1864 283 1924 loeum
300 1871 330 1922 et
345 1863 417 1922 nihil
433 1863 523 1938 eripit
537 1864 674 1934 fortuna,
694 1864 752 1922 nisi
774 1864 857 1936 quod
873 1863 966 1922 dedit.
994 1861 1053 1920 vir-

76 1955 160 2006 tutem
174 1953 277 2008 autem
292 1963 353 2006 non
370 1940 435 2019 dal,
451 1946 522 2006 ideo
534 1962 591 2005 neo
607 1945 744 2006 detrahit.
768 1947 864 2006 libera
878 1953 940 2019 est,
955 1945 1053 2004 invio-

75 2031 180 2102 labilis,
198 2033 327 2102 inmota,
343 2031 539 2090 inconeussa.
569 2031 614 2090 sie
635 2038 740 2090 eontra
757 2047 848 2091 casus
864 2029 1000 2101 indurat,
1021 2037 1055 2088 ut

75 2131 107 2172 ne
119 2115 258 2174 inclinari
274 2115 412 2190 quidem,
429 2116 542 2174 nedum
557 2114 637 2173 irinei
652 2115 761 2189 possit
785 2115 946 2174 Adversus
961 2115 1083 2188 alpe-s

74 2208 151 2259 ratus
167 2199 346 2260 terribilium
360 2205 462 2258 rectos
478 2201 585 2258 oeulos
601 2205 695 2273 tenet,
712 2199 786 2258 nihil
801 2214 840 2257 ex
855 2201 938 2259 voltu
950 2205 1052 2270 mutat,

75 2282 134 2342 sive
155 2282 200 2342 illi
214 2285 293 2344 (lura
308 2283 374 2342 sive
390 2283 528 2343 secunda
549 2291 748 2344 ostentantur.
776 2285 879 2358 itaque
895 2281 969 2341 nihil
984 2297 1053 2356 per-

73 2365 119 2425 det
140 2368 225 2441 quod
240 2368 342 2442 perire
357 2383 506 2428 sensurus
520 2368 567 2427 sit.
595 2369 686 2427 unius
702 2367 783 2426 enim
804 2368 833 2426 in
851 2367 1054 2442 possessione

23 2501 24 2504 ,
74 2450 187 2510 virtutis
202 2459 264 2524 est,
282 2467 321 2510 ex
338 2468 399 2526 qua
413 2453 526 2526 depelli
540 2467 706 2526 numquam
723 2459 831 2526 potest.
858 2451 967 2511 ceteris
984 2465 1053 2522 pre-

22 2533 23 2588 ἶ
73 2534 149 2592 cario
170 2536 279 2599 utitur:
302 2535 371 2610 quis
394 2543 492 2596 autem
514 2537 630 2596 iactura
649 2544 789 2595 movetur
804 2535 914 2593 alienia
940 2532 1054 2606 quodsi

73 2614 176 2678 iniuria
197 2619 271 2680 nihil
294 2619 417 2680 laedere
437 2627 540 2694 potest
554 2635 594 2678 ex
609 2619 656 2678 iris
672 2634 751 2694 quae
766 2618 891 2692 propria
906 2615 1054 2689 sapientis

73 2709 152 2774 sunt,
181 2705 256 2778 quia
278 2705 388 2762 virtute
408 2721 464 2764 sua
485 2704 572 2763 salva
591 2711 677 2776 sunl,
704 2701 812 2762 iniuria
836 2700 964 2775 sapienti
992 2715 1054 2759 non

73 2793 169 2856 potest
183 2787 261 2848 fieri.
289 2787 445 2860 Megaram
458 2787 630 2848 Demetrius
653 2794 792 2860 ceperat,
814 2785 863 2844 eui
884 2784 1084 2859 cognomenti
1114 2853 1117 2860 Ι

70 2868 254 2930 Poliorcetes
270 2873 335 2932 luit.
358 2871 396 2931 ab
411 2865 471 2930 h'oe
487 2870 605 2930 Stilbon
620 2871 825 2945 philosophus
840 2870 1053 2943 interrogatus,

22 2953 23 2984 l
71 2970 137 3014 num
152 2955 272 3029 aliquid
287 2955 488 3030 perdidisset:
509 2957 601 3027 nibil,
616 2956 723 3029 inquit.
750 2957 849 3016 omniu
863 2971 929 3014 meu
943 2969 1056 3013 mecum

69 3045 140 3098 runt.
172 3039 259 3115 atqui
280 3047 310 3100 et
333 3039 546 3113 patrimonium
567 3040 633 3098 eius
656 3040 685 3099 in
709 3040 853 3120 praedam
876 3043 1014 3096 cesserat
1027 3043 1057 3096 et

70 3122 143 3182 lilias
158 3131 308 3200 rapuerat
321 3123 420 3184 hostis
436 3131 465 3184 et
480 3122 580 3200 patria
593 3123 624 3180 in
639 3123 769 3183 alienam
787 3123 931 3182 ditionem
946 3135 1058 3195 petre--

70 3217 150 3268 nerat
165 3215 198 3268 el
220 3209 326 3282 ipsum
346 3224 401 3266 rex
423 3208 626 3268 circumfusus
643 3207 766 3267 victoris
789 3205 942 3264 exereitus
964 3204 1056 3263 armis

22 3359 23 3364 γ
70 3305 102 3348 ex
118 3294 288 3367 superiore
302 3293 371 3354 loeo
387 3293 547 3366 rogitabat.
569 3293 610 3350 At
624 3291 674 3349 ille
690 3290 847 3350 victoriam
862 3289 904 3348 illi
920 3287 1085 3350 excussit?

69 3381 94 3433 et
107 3393 142 3436 se
156 3377 239 3437 urbe
254 3383 346 3450 rapta
356 3393 417 3436 non
432 3377 576 3437 invictum
590 3382 714 3445 tantum,
730 3374 787 3433 sed
799 3374 973 3433 indemnem
985 3387 1057 3430 esse

22 3449 24 3504 ῗ
69 3465 196 3522 testatus
214 3467 274 3522 est.
298 3461 430 3520 habebat
444 3461 526 3521 enim
538 3475 612 3518 vera
626 3473 732 3518 secum
747 3459 838 3530 bona,
854 3459 884 3515 in
902 3470 981 3530 quae
995 3467 1057 3508 non

69 3553 111 3604 est
125 3562 240 3606 manus
263 3545 396 3606 iniectio.
425 3553 455 3604 at
477 3559 555 3620 quae
572 3541 722 3616 dissipata
738 3547 768 3600 et
784 3541 903 3612 direpta
918 3533 1054 3594 sereban-
