2546 3890
103 241 345 305 nnnucvrnu
354 195 886 305 nxraunnucousocarronn.
900 251 993 308 1516.
1013 243 1079 308 255
1123 269 1134 282 ψ

103 411 195 474 quam
211 400 375 454 exuerunt=
399 401 461 454 ete
476 395 545 470 plus
557 392 651 468 exigit
660 393 723 454 vita
734 392 772 454 ab
782 394 866 455 initio
878 394 991 456 tortior.
1014 394 1079 457 ncn‘

104 487 207 555 potest
225 477 381 538 muliebris
404 478 563 539 excusatio
583 479 759 552 contingere
779 476 822 552 ei,
844 494 863 537 a
888 494 948 553 qua
974 479 1076 540 omnia

101 561 261 622 muliebria
276 561 348 620 vitiu
362 562 510 622 aluerunt.
539 561 604 621 Non
620 563 650 620 te
664 559 834 624 maximum¹
844 561 940 622 seculi
956 564 1108 640 malum,3
1157 613 1160 616 .

102 645 295 722 inpudicitia,
310 645 340 704 in
355 659 512 705 numerum
525 645 654 721 plurium
665 643 882 706 adduxit'non
891 661 1029 719 gemmae
1036 654 1074 721 te,

101 746 163 790 non
176 728 357 803 margaritae
368 727 528 788 flexerunt.
551 744 611 788 non
624 727 678 788 tibi
689 727 812 788 divitiae
819 729 903 788 velut
912 729 1075 790 maximum

101 811 225 888 generis
246 812 368 872 humani
383 812 497 874 bonum
511 811 705 871 refulserunt.
738 819 860 884 non-te,
883 811 961 872 bene
976 811 1005 871 in
1021 829 1074 872 an·

100 897 184 972 tiqua
202 903 233 956 et
246 910 354 955 severa
368 893 532 956 institutam
547 893 655 968 domo,
671 894 845 971 periculosa
862 893 951 954 etiam
969 897 1075 970 probis

101 979 242 1054 peiorum
257 977 385 1039 detorsit
398 977 533 1039 imitatio.
559 993 723 1054 numquam
741 986 772 1040 tc
786 975 980 1040 fecunditatis
994 987 1075 1055 tuac,

102 1063 191 1138 quasi
206 1063 407 1137 exprobraret
420 1067 563 1134 aetatem,
584 1061 701 1136 puduit.
725 1077 891 1138 numquam
905 1077 991 1122 more
1002 1061 1075 1122 alia-

99 1164 183 1218 rum,
208 1146 319 1221 quibus
341 1144 440 1207 omnis
460 1145 683 1206 commendatio
703 1159 743 1204 ex
762 1147 860 1206 forma
881 1146 1005 1220 petitur,
1028 1153 1074 1206 tu·

100 1237 287 1290 mesccntem
302 1235 421 1290 uterum
436 1229 626 1291 abscondisti
642 1229 731 1304 quasi
745 1229 892 1289 indecens
907 1245 1002 1304 onus,
1017 1245 1075 1289 nec

99 1314 176 1374 iutra
192 1314 310 1372 viscera
330 1321 381 1374 tua
404 1319 570 1387 conceptas
587 1327 661 1388 spes
675 1311 840 1374 liberorum
856 1310 973 1373 elisisti.
1007 1312 1107 1374 Nune

100 1397 210 1457 faciem
232 1397 387 1457 coloribus
407 1411 444 1456 ac
468 1394 634 1457 lenociniis
652 1395 797 1471 polluisti.
831 1411 997 1470 numquam
1022 1397 1075 1456 tibi

99 1480 216 1554 placuit
232 1479 341 1552 vestis,
362 1493 442 1555 quae
460 1477 534 1540 nibil
549 1481 679 1556 amplius
693 1480 836 1549 nudaret,
859 1495 928 1539 cum
944 1494 1073 1554 ponere-

100 1572 163 1624 tur:
184 1563 306 1624 unicum
318 1563 370 1623 tibi
382 1569 589 1640 ornamentum
602 1561 803 1638 pulcherrima
814 1569 844 1623 et
854 1563 927 1622 nulli
940 1561 1074 1623 obnoxia

100 1648 190 1707 aetati
210 1647 326 1715 lorma,
353 1641 521 1708 maximum
537 1647 632 1708 decus
653 1645 722 1706 visa
741 1654 790 1707 est
813 1645 968 1721 pudicitia.
1006 1645 1103 1708 Nous

101 1737 189 1806 potes
214 1729 316 1805 itaque
341 1730 380 1789 ad
408 1729 605 1791 obtinendum
630 1731 768 1790 dolorem
794 1729 941 1790 muliebre
961 1745 1072 1790 nomen

100 1813 316 1890 praetendere,
338 1829 453 1889 exque
470 1821 499 1874 te
515 1814 640 1875 virtutes
654 1820 725 1874 tuac
739 1813 936 1874 seduxerunt.
959 1820 1072 1873 tantum

99 1898 196 1957 debes
218 1913 237 1956 a
257 1897 433 1958 seminarum
453 1897 586 1958 lacrimis
610 1897 741 1968 abesse,
770 1902 914 1971 quantum
939 1914 959 1956 a
984 1897 1072 1956 vitiis

98 1980 143 2041 Ne
159 1979 289 2040 leminae
302 1981 423 2056 quidem
439 1988 468 2042 te
484 1981 584 2042 sinent
596 1979 786 2040 intabescere
800 1977 919 2041 volneri
933 1986 1000 2053 tuo,
1016 1980 1071 2040 sed

99 2065 160 2123 leni
182 2081 219 2124 oc
240 2063 417 2124 necessario
438 2067 579 2126 moerore
594 2064 653 2125 cito
668 2063 841 2124 defunctum
859 2061 1005 2125 iubebunt
1019 2078 1072 2122 ex-

99 2163 240 2222 surgere,
264 2147 290 2206 si
311 2147 404 2209 modo
425 2148 493 2208 illas
513 2147 621 2208 intueri
636 2148 723 2208 voles
738 2147 881 2218 feminas,
905 2162 983 2222 quas
998 2162 1071 2208 con·

99 2238 207 2306 specta
228 2231 324 2292 virtus
344 2231 422 2291 inter
441 2243 570 2306 magnos
589 2231 675 2292 viros
697 2229 808 2306 posuit.
846 2229 1016 2291 Corneliam
1034 2238 1101 2293 exe

99 2315 261 2374 duodecim
275 2314 379 2376 liberis
393 2314 433 2375 ad
448 2314 526 2375 duos
541 2315 661 2377 fortuna
675 2314 844 2388 redegerat.
871 2315 897 2373 si
912 2329 1073 2375 numerare

98 2379 208 2474 lunera
228 2398 385 2460 Corneliae
410 2399 519 2472 velles,
540 2399 684 2459 amiserat
704 2398 827 2482 decern:
856 2397 882 2457 si
900 2397 1071 2471 aestimare,

98 2483 243 2542 amiserat
258 2481 424 2542 Gracchos.
443 2479 587 2543 flentibus
601 2488 702 2541 tamen
717 2479 799 2540 circu
813 2495 849 2540 se
859 2487 890 2541 et
900 2481 992 2541 latum
1004 2481 1071 2541 eius

99 2565 332 2627 exsecrantibus
347 2564 517 2638 interdixit,
538 2580 597 2638 „nc
612 2566 762 2624 fortunam
777 2570 973 2637 accusarent,
992 2579 1072 2638 quae
1090 2639 1094 2650 ι

99 2648 157 2708 sibi
172 2648 253 2710 filios
270 2648 425 2710 Gracchos
440 2647 608 2724 dedisset.“
640 2647 687 2706 Ex
701 2646 760 2706 bac
774 2645 886 2706 lemine
900 2645 1005 2706 debuit
1018 2661 1070 2706 na·

98 2733 159 2806 sci,
183 2733 235 2808 qui
256 2732 373 2793 diceret
392 2732 422 2792 in
440 2729 603 2793 concione=
639 2731 683 2792 lb
701 2733 794 2790 matri
804 2745 887 2791 mem
900 2730 1070 2803 moledacea

96 2834 175 2893 quoe
193 2832 240 2878 mc
256 2811 398 2893 peperit?
426 2815 521 2877 Multo
540 2814 612 2875 mini
627 2831 687 2875 vox
701 2813 807 2880 matris
821 2810 943 2876 videtur
956 2811 1070 2874 animo-

98 2901 174 2960 sior:
192 2899 274 2961 nlius
286 2915 398 2976 magno
409 2898 791 2961 uestim'avitGraccborum
802 2897 927 2973 natales,
939 2898 1072 2958 meteret

97 2983 215 3043 lunera.
235 2983 470 3046 Rutiliacottam
482 2981 577 3044 fllium
589 2981 1100 3054 secutaestinexiliumetusque't

4 3085 6 3102 ³
97 3081 135 3127 eo
151 3065 207 3127 luit
219 3065 407 3142 indulgentia
419 3065 598 3138 constricta,
614 3073 649 3128 ut
658 3067 759 3126 mallet
768 3064 892 3125 exilium
905 3063 965 3138 pati
979 3078 1071 3138 quam

97 3150 299 3224 desiderium,
330 3166 387 3211 nec
409 3157 479 3211 ante
499 3151 530 3208 in
551 3150 678 3224 patriam
693 3165 784 3224 quam
799 3162 866 3207 cum
887 3144 950 3208 illio
971 3143 1071 3206 rediit

95 3231 245 3295 llumdcm
258 3235 317 3294 iam
333 3235 477 3295 reducem
494 3241 525 3295 et
544 3234 574 3294 iu
588 3231 745 3308 republica
758 3229 918 3292 florentem
933 3236 993 3290 tam
1010 3230 1071 3291 lor-

96 3317 165 3377 titer
179 3317 280 3379 amisit
294 3334 387 3392 quam
401 3323 508 3378 secuta
521 3325 577 3378 est.
599 3332 657 3376 nec
672 3315 835 3390 quisquam
850 3313 991 3374 lacrimas
1004 3313 1073 3374 eius

98 3409 170 3474 post
183 3401 295 3461 elatum
310 3401 402 3466 lilium
419 3400 544 3462 notavit.
576 3399 610 3458 ln
625 3399 757 3474 expulso
773 3397 913 3458 virtutem
928 3395 1071 3468 ostendit,

96 3484 125 3542 in
141 3485 257 3546 amisso
277 3485 482 3560 prudentiam:
501 3489 617 3544 namet
633 3480 706 3543 nihil
720 3481 800 3542 illam
815 3497 833 3542 a
847 3481 958 3558 pietate
970 3478 1068 3540 deter-
