2522 3906
119 297 225 358 DIAL.
242 296 292 357 111.
308 297 362 356 IV.
384 296 437 358 DE
453 297 523 358 titt
543 297 615 356 LIB.
631 297 656 354 1.
676 303 720 358 m.
734 305 777 358 21.
799 297 872 357 LIB.
892 298 929 357 11.
950 309 975 360 1.
1019 295 1061 363 53

77 457 178 510 torum
201 455 319 512 mentes
340 448 508 508 addidisse.
533 449 656 508 ultimae
677 449 756 508 enim
778 451 940 525 patientiae
962 454 1061 514 visum

78 542 126 592 est
140 549 212 592 eum
228 533 323 606 terre,
339 533 391 607 qui
405 532 510 592 lovem
527 532 590 591 non
605 533 706 592 terret.
762 539 765 544 “

35 659 39 663 .
139 615 217 682 XXI.
244 615 323 676 Nihil
338 622 415 690 ergo·
426 614 458 674 in
472 615 531 688 ira,
552 631 592 674 ne
612 631 681 674 cum
695 613 817 676 videtur
832 619 955 692 quidem
971 619 1089 682 veho-1

79 717 165 765 mens
182 697 524 780 etdcosssbominesque
539 698 731 774 despiciens,
745 715 903 776 magnum,
919 701 992 761 nihil
1007 720 1062 764 no·

79 789 138 848 bile
153 791 211 845 cst.
239 789 292 850 aut
305 783 332 842 si
341 781 468 845 ,videtur
481 783 571 842 atioui
584 797 726 858 magnum
740 783 873 844 animum
887 785 931 843 ira
947 786 1062 860 produ-

79 887 166 942 cere,
187 866 328 928 videatur
342 873 372 927 et
390 866 527 926 luxuria:
548 865 643 926 ebore
661 867 806 926 sustineri
828 867 904 941 vuit,
927 885 1073 946 purpura·

77 952 200 1026 vestiri,
227 965 302 1012 amo
320 951 397 1025 tegi,
422 954 520 1010 terras
545 950 725 1023 transferre,
749 951 845 1010 maria
867 952 1061 1026 concludere,

77 1039 206 1100 fiumina
232 1034 449 1109 praecipitare,
476 1047 603 1092 nemora
627 1033 829 1107 suspendere.
867 1035 1007 1096 videatur
1033 1039 1091 1096 eta

77 1119 208 1183 avaritia
228 1116 330 1192 magni
350 1115 458 1180 animi:
479 1116 599 1176 acervis
609 1115 680 1186 ,au'ri
700 1119 880 1194 argentique
895 1119 1020 1180 incubat
1033 1128 1073 1180 et-

75 1201 305 1282 provinciarum
326 1200 500 1261 nominibus
520 1215 612 1274 agros
628 1200 700 1260 coiit
715 1209 746 1260 et
766 1202 825 1266 sub
840 1203 968 1278 singulis
985 1205 1061 1264 vitti-

77 1291 120 1350 cis
136 1287 262 1348 latiores
277 1283 371 1344 habet
384 1285 463 1344 fines
479 1299 570 1360 quam
586 1301 666 1358 quos
681 1287 826 1346 consides
847 1287 1060 1348 sortiebantur.

77 1373 217 1434 videatur
229 1376 260 1428 et
273 1368 366 1430 iibido
379 1367 601 1442 magnanimi:
615 1374 785 1429 transnatat
795 1371 880 1445 ueta,
896 1387 1060 1446 puerorum
1072 1375 1089 1428 3

76 1471 189 1532 greges
204 1458 333 1524 castrat,
356 1451 413 1512 sub
427 1451 561 1526 gladium
575 1451 673 1512 mariti
687 1453 772 1512 venit
784 1469 864 1514 uxor
878 1463 975 1514 morte
990 1471 1061 1516 con-

76 1547 202 1614 tempta.
224 1535 365 1596 videatur
376 1541 406 1594 et
417 1535 539 1596 ambitio
551 1535 653 1608 magni
664 1535 771 1596 animi:
787 1553 849 1598 non
861 1546 909 1600 est
920 1545 1062 1600 contenta

75 1621 247 1684 honoribus
268 1620 387 1680 annuis.
421 1619 534 1680 sideri
556 1625 673 1693 potest,
693 1635 755 1680 uno
770 1622 893 1682 nomine
908 1637 1062 1697 occupare

76 1704 270 1778 iastusvult,
290 1719 346 1778 per
366 1701 612 1782 omnemorbem
632 1704 926 1780 titulos'disponere.
956 1705 1091 1766 Omniaa

75 1792 134 1852 ista
154 1783 218 1849 non
239 1787 333 1848 refert
352 1787 383 1846 in
406 1794 551 1862 quantum
572 1788 743 1861 procedant
764 1791 1060 1864 extendantque'se.

76 1879 208 1950 angusta
223 1877 309 1944 sunt,
324 1871 451 1942 misera,
469 1871 634 1944 depressa:
656 1873 723 1930 sola
739 1872 878 1932 sublimis
893 1880 923 1932 et
937 1875 1062 1932 excelsa

77 1959 174 2018 virtus
196 1963 258 2028 est,
287 1969 345 2014 nec
367 1955 532 2030 quicquam
554 1969 696 2028 magnum
721 1962 769 2015 est
788 1957 846 2016 nisi
869 1957 952 2032 quod
972 1957 1061 2016 simui
1123 1963 1127 1969 “

75 2041 243 2117 placidum.

457 2149 667 2159 -ιι--ρ-ι-ι

374 2257 410 2339 b.
433 2255 573 2340 iitttiiii
593 2255 764 2340 titium

236 2387 607 2486 uttiotolttttt
638 2389 809 2482 itanu
836 2389 901 2484 tv,

459 2601 504 2652 AD
522 2599 680 2654 NOVATUM

437 2703 516 2770 uu
560 2703 590 2768 Ι1
624 2703 707 2769 ut

500 2813 641 2866 umanu.

144 3045 169 3104 l.
196 3043 315 3106 Primus
341 3043 433 3118 iiber,
459 3043 593 3115 Novate,
615 3037 824 3115 benigniorem
843 3037 950 3098 habuit
969 3041 1089 3120 mate-1

73 3129 161 3188 riam
201 3128 301 3190 facitis
327 3127 462 3188 enimin
488 3123 636 3202 proclivia
660 3122 978 3186 vitiorum‘decursus
1004 3125 1070 3180 est.-

74 3227 160 3286 nuue
185 3212 227 3272 ad
251 3213 384 3278 exiliora¹
401 3210 585 3271 veniendum
601 3215 666 3272 est.
707 3207 883 3284 quaerimus
904 3204 985 3266 enim
1005 3203 1064 3262 ira

74 3305 206 3358 utrum
229 3295 380 3356 iudicio
404 3313 449 3355 an
473 3294 608 3368 inpetu
632 3291 814 3368 incipiat,
840 3290 872 3350 id
896 3295 944 3350 est
964 3295 1072 3347 utrum
1182 3328 1184 3332 ι

76 3395 138 3440 sua
157 3387 270 3455 sponte
290 3386 449 3440 moveatur
470 3395 509 3438 an
526 3375 783 3453 quemadmodum
798 3374 962 3449 pleraque,
984 3385 1075 3446 quae¹
1111 3447 1114 3455 ἱ

76 3463 158 3526 intra
179 3479 237 3524 nos
259 3463 365 3524 insciis
386 3463 475 3524 nobis
490 3463 635 3523 oriuntur.
663 3457 761 3521 Debet
776 3465 878 3518 autem
891 3457 922 3516 in
936 3455 1013 3514 haec
1027 3463 1091 3513 sea

77 3548 239 3608 demittere
260 3547 445 3623 disputatio,
466 3553 500 3607 ut
514 3545 620 3606 odilla
635 3557 760 3620 quoque
775 3542 882 3601 altiora
895 3536 995 3613 possit
1008 3548 1061 3592 ex-
