2554 3888
1022 85 1041 120 θ

158 227 225 292 aab
333 229 367 288 L.
388 227 536 288 ANNAEI
559 224 734 288 SENECAE
757 223 859 293 blan.
881 225 932 286 XI.

162 397 198 442 se
218 381 393 440 vindicaret
423 378 567 452 quamdiu
589 377 679 437 luerit
692 378 772 438 ullus
787 378 881 439 literis
895 379 1009 454 honor,
1032 393 1139 454 quam-

162 465 216 524 diu
230 464 346 524 steterit
359 470 412 522 aut
425 462 550 524 Latinae
565 462 687 536 linguae
703 459 839 536 potentia
855 469 907 522 ant
919 463 1054 522 Graecae
1065 477 1139 537 ‘gra-

164 548 220 621 tia,
239 547 353 621 vigebit
374 561 443 606 cum
462 545 603 605 maximis
624 545 713 619 viris,
735 561 865 619 qnorum
888 561 922 606 se
943 545 1073 620 ingeniis
1090 547 1140 604 vel

164 631 290 692 contulit
314 631 379 704 vel,
406 631 433 689 si
454 629 521 690 hoo
536 629 723 688 verecundia
743 629 809 689 eius
824 637 960 702 recusat,
983 629 1139 704 adplicuit.

135 717 230 793 tm]
254 715 319 774 Hoc
344 729 417 788 ergo
436 729 530 772 unum
551 713 748 787 excogitasti,
771 713 927 788 quomodo
949 713 1081 773 maxime
1096 712 1138 771 illi

166 813 278 874 posses
293 813 414 857 nocero.
436 813 497 871 quo
512 796 621 856 melior
634 797 713 856 enim
726 797 926 872 estquisque,
943 796 1003 856 hoo
1014 797 1139 871 saepius

164 885 245 942 ferre
260 889 289 941 te
303 881 464 940 consuevit
477 880 544 940 sine
558 881 627 940 ullo
637 881 757 941 delectu
772 882 922 940 furentem
937 888 967 940 et
981 881 1060 939 inter
1070 880 1140 954 ipsa

164 964 316 1026 beneficia
335 963 538 1024 metuendam.
569 963 752 1038 Quantulum
773 971 838 1024 erat
856 963 910 1024 tibi
921 964 1084 1024 >inmunem
1101 963 1139 1022 ab

165 1050 224 1110 hac
235 1049 343 1108 iniuria
354 1055 511 1124 praestare
522 1063 591 1108 eum
601 1047 763 1122 hominem,
776 1048 806 1108 in
819 1063 910 1123 quem
922 1047 1082 1107 videbatur
1092 1047 1138 1106 in·

167 1133 321 1207 dulgentia
336 1139 387 1192 tua
401 1131 519 1192 ratione
534 1138 617 1191 certa
631 1133 811 1207 parvenisse
824 1139 854 1192 et
866 1147 925 1192 non
939 1147 977 1192 ex
990 1139 1042 1192 tuo
1054 1145 1141 1190 more

166 1225 280 1277 temere
296 1215 490 1276 incidisset“

136 1313 153 1364 1
230 1301 280 1358 lll.
302 1299 495 1371 Adiciamus,
517 1297 544 1358 si
558 1299 621 1372 vis,
637 1299 748 1360 adhas
765 1301 906 1374 querelas
922 1300 1021 1376 ipsius
1036 1299 1141 1358 adule-

169 1384 284 1444 scentis
306 1385 506 1458 interceptam
521 1383 599 1441 inter
615 1383 710 1457 prima
725 1384 911 1444 incrementa
924 1384 1073 1444 indolem:
1096 1383 1142 1441 dt-

168 1485 246 1542 gnus
263 1468 318 1528 luit
332 1467 381 1526 ille
396 1473 426 1526 te
442 1467 542 1525 tratre.
571 1471 604 1525 tu
617 1475 699 1526 certe
714 1483 783 1526 eras
799 1467 1013 1542 dignissimus,
1035 1467 1087 1542 qui
1102 1480 1142 1524 ne

169 1568 207 1610 ex
222 1552 347 1624 indigno
364 1550 485 1625 quidem
502 1551 666 1624 quicquam
681 1551 803 1611 doleres
819 1551 926 1610 tratre:
947 1549 1086 1611 redditur
1099 1547 1141 1610 illi

168 1635 374 1695 testimonium
397 1634 526 1708 aequale
547 1635 680 1694 omnium
701 1633 866 1694 hominum.
898 1635 1090 1694 desideratur
1110 1633 1141 1691 in

135 1727 254 1780 aluum
269 1718 435 1788 honorem,
451 1717 590 1778 laudatur
604 1718 632 1776 in
649 1733 747 1778 suum.
770 1717 848 1778 Nihil
864 1721 893 1778 in
909 1717 960 1778 illo
976 1718 1042 1790 luit
1056 1716 1142 1790 quod

169 1817 231 1861 non
256 1801 384 1861 libenter
403 1815 601 1874 agnosceres.
629 1807 668 1862 tu·
684 1802 806 1877 quidem
826 1800 916 1861 etiarn
937 1802 1036 1862 minus
1058 1801 1142 1860 bono

170 1887 253 1945 tratri
269 1885 382 1946 luisses
397 1885 506 1955 bonus,
523 1886 579 1944 sed
595 1885 625 1944 in
639 1886 690 1945 illo
703 1887 801 1961 pietas
813 1893 866 1946 tua
877 1883 1040 1945 indoneam
1052 1893 1143 1944 nacta

170 1969 324 2030 materiam
340 1970 433 2028 multo
446 1984 480 2028 se
492 1967 616 2028 liberius
628 1970 773 2030 exercuit.
795 1985 885 2030 nemo
898 1971 1063 2044 potentiam
1075 1967 1144 2028 eius

170 2053 279 2112 iniuria
300 2051 412 2124 sensit,
433 2067 598 2126 numquam
618 2053 668 2112 ille
689 2060 719 2112 te
733 2056 855 2112 tratrem
871 2055 923 2112 ulli
938 2053 1068 2114 minatus
1084 2059 1142 2112 est.

171 2136 211 2195 ad
226 2136 399 2210 exemplum
415 2149 450 2193 se
462 2134 631 2194 modestiae
642 2144 713 2196 tuae
725 2138 909 2197 formauerat
919 2137 1143 2212 cogitabatque,

173 2226 317 2292 quantum
332 2221 389 2298 [tu]
406 2225 436 2277 et
458 2226 666 2278 ornamentum
681 2228 801 2281 tuorum
816 2237 903 2281 esses
919 2229 950 2282 et
963 2237 1058 2282 onus:
1080 2221 1143 2279 sui-

141 2303 242 2368 eiecit
256 2301 306 2360 ille
321 2299 392 2360 huic
410 2301 558 2360 sarcinae.
581 2301 604 2362 Ο
621 2304 697 2363 dura
710 2303 768 2364 lata
784 2312 813 2364 et
827 2305 918 2364 nullis
936 2320 1036 2379 aequa
1052 2303 1144 2362 virtu·

171 2384 268 2444 tibus!
300 2392 463 2460 antequam
493 2385 665 2446 felicitatem
695 2403 781 2448 suam
805 2397 911 2448 nosset
938 2390 1031 2448 trater
1055 2395 1145 2460 tuuS,

173 2475 333 2543 exemptus
349 2477 404 2529 est.
432 2469 540 2528 Parum
555 2477 656 2530 autem
671 2483 719 2530 me
734 2471 884 2545 indignari
900 2473 975 2531 scio.
1009 2469 1082 2530 nihil
1098 2477 1147 2528 est

174 2551 252 2612 onim
274 2551 428 2612 dillicilius
445 2569 535 2628 quam
551 2569 661 2628 magno
676 2555 776 2616 dolori
792 2555 876 2630 paria
891 2555 985 2614 verba
998 2554 1146 2628 reperire.

172 2635 342 2697 etiamnunc
363 2644 478 2709 tamem
499 2636 526 2696 si
549 2637 622 2712 quid
640 2639 790 2713 proficere
807 2652 986 2713 possumus,
1009 2653 1147 2713 conque-

142 2725 288 2778 4ramur:
314 2720 419 2793 „Quid
442 2720 496 2780 tibi
517 2721 654 2796 voluisti,
676 2729 739 2782 tam
758 2721 870 2782 iniusta
891 2730 920 2782 et
937 2729 998 2782 tam
1014 2721 1168 2806 violenta¹

174 2805 315 2862 fortunat
329 2810 388 2863 tam
405 2805 464 2864 cito
475 2811 505 2864 te
515 2805 720 2880 indulgentiae
731 2813 801 2866 tuae
814 2805 981 2881 poenituit?
996 2811 1075 2880 quae
1086 2803 1148 2864 ista

175 2887 337 2946 crudelitas
358 2895 426 2948 est?
448 2888 478 2947 in
499 2889 617 2949 medios
640 2890 747 2950 iratres
768 2889 904 2964 inpetum
927 2892 1027 2949 lacere
1042 2895 1072 2948 et
1086 2895 1164 2947 tam.

175 2978 300 3031 cruenta
319 2971 427 3046 rapina
449 2973 722 3032 concordissimam
742 2973 860 3033 turbam
875 2973 1058 3044 inminuere,
1087 2979 1146 3030 tam

173 3053 253 3112 bene
268 3055 409 3129 stipatam
425 3056 607 3130 optimorum
620 3057 860 3116 adulescentium
874 3057 1006 3128 domum,
1022 3057 1051 3114 in
1064 3055 1149 3114 nullo

175 3137 266 3196 fratre
288 3139 537 3212 degenerantem,
557 3140 680 3200 turbare
701 3146 731 3200 et
745 3141 812 3200 sine
825 3142 887 3201 ulla
901 3155 996 3200 causa
1011 3138 1149 3198 delibare

146 3219 319 3279 bvoloistit
345 3221 424 3282 Nihil
438 3239 511 3296 ergo
528 3224 655 3298 prodest
669 3222 843 3284 innocentia
858 3224 896 3284 ad
915 3239 1034 3284 omnem
1049 3223 1150 3296 legem

176 3309 298 3388 exacta,
323 3303 395 3362 nihil
416 3305 541 3382 antiqua
563 3306 734 3381 frugalitas
755 3307 831 3367 nihil
844 3307 995 3368 felicitatis
1011 3321 1152 3366 summae

177 3385 326 3459 potentia,
343 3387 460 3446 summit
473 3397 655 3449 conservata
668 3391 865 3464 abstinentia,
880 3389 953 3450 nibil
968 3392 1108 3450 sincerus
1121 3396 1153 3449 et

175 3475 258 3528 tutus
278 3469 431 3530 literarum
452 3485 551 3546 amor,
575 3472 649 3532 nihil
670 3475 707 3533 ab
730 3475 810 3534 omni
827 3475 895 3533 labe
911 3490 997 3535 mens
1014 3473 1154 3533 vacans?
