2528 3906
248 235 352 297 nial.
370 235 410 297 V.
432 233 484 298 DE
505 233 575 300 llil
594 232 669 300 llll.
689 231 740 300 III·
761 237 882 299 25—28.
992 229 1054 300 tel

70 395 187 456 natast
209 385 383 464 pestilentia
396 392 454 450 cst
475 385 663 460 placidiercs
679 385 782 460 laone
795 385 928 450 invicem
942 385 1054 449 simus:

71 472 145 540 mali
171 473 250 534 inter
274 470 373 536 malos
396 469 538 534 uiuimus.
569 485 632 536 una
655 484 714 540 nos
738 484 789 533 ros
810 469 912 542 lacere
933 469 1054 544 quietos

73 564 187 634 potest,
206 561 328 620 mutuae
341 553 494 620 facilitatis
510 551 682 618 conventia·
712 552 767 626 llic
781 553 841 618 mm
854 553 926 618 mibi
942 554 1083 626 nocuite

73 658 133 717 ego
150 641 194 700 illl
208 637 354 703 nondum.
386 637 443 706 sed.
458 637 519 704 ian
533 636 665 711 aliquam
686 637 820 702 tartarce
838 636 966 708 laesisti.
998 637 1055 700 sad

72 726 192 790 laedas.
213 721 277 787 noli
291 721 455 786 aestimare
468 719 548 790 hanc
561 719 736 787 toramen
748 719 831 787 bunc
846 718 937 785 dieta.
959 726 1055 784 totum

73 810 195 884 inspice
214 806 324 866 mentis
345 811 415 870 tuae
436 803 587 872 habiturn:
614 802 732 871 etiamsi
754 802 827 866 nibil
853 803 925 865 mali
945 804 1054 878 fecisti,

72 901 165 968 potes
181 892 295 950 facere.
431 939 434 944 .

132 973 256 1036 XXVII.
286 972 403 1046 Quanto
423 970 521 1038 satius
541 976 590 1035 est
612 970 714 1034 sanari
735 971 876 1033 iniuriam
898 986 989 1046 quam
1009 973 1083 1036 ul-1

72 1059 170 1126 ciscit
199 1056 326 1124 Multum
345 1054 492 1130 temporis
512 1053 745 1128 muccosum,
765 1055 867 1120 multis
883 1070 919 1119 se
936 1053 1055 1120 iniuriis
1123 1077 1127 1085 ‘

72 1142 176 1215 obicit,
193 1141 266 1200 dum
280 1155 342 1200 una
357 1139 449 1202 dolet.
472 1137 586 1205 diutius
600 1137 760 1206 irascimur
770 1155 877 1206 omncs
889 1155 982 1214 quam
992 1140 1055 1200 lae·

72 1228 190 1292 dimum
224 1231 338 1299 quanto
364 1223 473 1286 melius
496 1229 545 1284 est
570 1221 655 1290 abire,
676 1221 706 1282 in
728 1222 883 1290 diversum
905 1237 963 1287 nes
982 1220 1057 1286 title

70 1309 155 1378 vitiis
176 1314 358 1384 opponeret
387 1307 464 1372 Num
487 1305 556 1382 quis
572 1305 647 1372 satis
663 1313 806 1372 constare
827 1305 886 1366 sibi
905 1305 1055 1376 videmur,

72 1393 102 1454 si
118 1393 233 1454 mulam
248 1389 383 1456 calcibus
398 1397 517 1464 repetat
531 1397 561 1450 cl
572 1405 680 1450 canem
691 1396 818 1466 morsui
835 1391 926 1464 „lala
940 1387 1055 1464 inquis,

71 1491 209 1554 peceare
226 1491 263 1536 se
278 1475 449 1536 nesciunt.“
479 1473 611 1540 Primum
627 1489 718 1548 quam
737 1471 863 1549 iniquus
883 1471 944 1546 esi,
971 1473 1084 1548 apnde

72 1576 165 1636 quem
196 1558 351 1618 bominem
381 1573 465 1618 csse
484 1557 526 1617 ad
554 1555 767 1633 inpetrandam
799 1553 918 1621 venitirn
944 1562 1058 1621 nocctt

70 1644 193 1712 Deinde
216 1643 244 1704 si
266 1647 368 1702 cetera
382 1639 523 1705 animalia
543 1640 604 1700 hoc
618 1641 682 1704 irae
697 1649 768 1706 tuae
783 1641 944 1714 subducit,
970 1641 1057 1716 qnod

72 1727 205 1790 consilio
231 1732 351 1800 carent,
365 1725 492 1786 *codem
522 1727 593 1786 loco
618 1725 672 1786 tibi
694 1727 734 1786 sit
759 1726 901 1801 quisquis
927 1725 1056 1787 consilio

72 1818 166 1873 caret.
199 1808 274 1886 quid
295 1809 375 1868 enirn
394 1809 488 1871 refert
508 1823 547 1868 an
568 1808 628 1870 alia
648 1809 740 1870 mulis
755 1809 916 1870 dissimilia
935 1808 1055 1882 babeat,

72 1897 100 1955 si
114 1895 176 1956 hoc
192 1893 277 1968 quod
292 1892 322 1950 in
337 1889 420 1952 omni
435 1898 563 1966 peccalo
577 1899 662 1953 muta
676 1893 826 1963 defendit,
843 1892 941 1956 simile
955 1890 1056 1964 babet,

73 1979 238 2053 caliginem
263 1977 394 2034 menllst
431 1973 590 2036 Peccavit:
621 1973 784 2039 nonenim
810 1975 962 2050 primuml
997 1974 1086 2036 hoca

73 2064 155 2122 enim
168 2065 361 2120 extremum?
389 2074 449 2118 non
465 2065 512 2118 est
527 2059 611 2134 quod
625 2059 667 2120 illi
683 2061 809 2131 credas,
831 2059 950 2124 etiamsi
965 2059 1056 2121 dixin

71 2146 184 2206 iterum
206 2159 268 2204 ncn
289 2143 408 2212 faciam.
437 2149 467 2201 et
488 2141 548 2202 iste
567 2142 708 2216 peccabit
728 2149 759 2202 et
776 2142 807 2203 in
829 2144 919 2206 istum
934 2141 1013 2204 alius
1027 2149 1058 2202 ct

72 2236 136 2290 tcta
152 2227 218 2288 vita
238 2227 316 2286 inter
331 2240 454 2285 errores
469 2225 662 2287 volutabilur.
689 2225 850 2288 Mansuete
864 2228 1057 2289 inmansueta

71 2311 236 2377 tractanda
249 2317 328 2375 sunt.
358 2309 447 2382 Quod
461 2308 492 2368 in
507 2311 590 2368 luctu
605 2310 665 2370 dici
682 2312 762 2372 solet
776 2310 1005 2384 efficacissime,
1028 2316 1084 2371 eit

73 2399 104 2456 in
120 2393 169 2456 ira
183 2394 313 2454 dicetur:
331 2401 431 2454 utrum
446 2391 611 2468 aliquando
626 2395 750 2456 desines
766 2411 805 2454 an
820 2400 1009 2470 numquam?
1030 2395 1057 2452 si

73 2477 259 2554 aliquando,
284 2483 397 2550 quanto
426 2475 522 2544 satius
542 2484 591 2537 est
617 2477 692 2536 iram
712 2477 885 2552 relinquere
906 2493 998 2552 quam
1018 2477 1056 2534 ab

73 2562 119 2621 ira
133 2559 289 2634 relinquit
310 2577 347 2620 an
365 2574 487 2634 semper
498 2558 575 2619 haec
587 2556 730 2634 cogitatio
744 2561 954 2634 permanebit?
971 2559 1056 2620 vides

75 2661 170 2720 quam
190 2645 364 2718 inpacatam
384 2642 438 2702 tibi
458 2643 619 2702 denunties
640 2644 749 2710 vitam:
777 2644 876 2718 qualis
898 2645 978 2702 enim
1001 2643 1058 2703 erit

74 2743 201 2802 semper
220 2727 387 2787 tumentis?
416 2726 514 2788 Adice
533 2742 629 2798 nunc,
651 2727 735 2801 qnod
756 2742 825 2787 cum
846 2727 965 2788 benele
986 2727 1085 2801 ipses

74 2809 278 2876 succenderis
292 2817 323 2871 et
335 2809 466 2870 subinde
489 2825 615 2883 causas,
638 2810 750 2885 quibus
767 2809 947 2886 simularie,
966 2826 1056 2871 reno-

73 2896 216 2969 vaveris,
236 2908 295 2958 sua
315 2899 426 2968 sponte
446 2893 492 2954 ira
505 2892 645 2954 discedet
658 2901 689 2954 et
702 2894 783 2954 vires
798 2894 840 2954 illi
855 2895 923 2956 dies
938 2895 1057 2956 subtra-

73 2979 140 3039 hela
165 2984 280 3054 quanto
296 2979 393 3039 satius
409 2985 457 3042 est
469 2992 489 3039 a
502 2984 533 3038 te
547 2977 628 3039 illam
642 2979 721 3038 vinci
737 2995 829 3054 quam
843 2995 861 3038 a
876 2987 933 3040 set

136 3060 274 3127 XXVIII.
304 3061 384 3122 Huic
405 3059 563 3134 irasceris,
591 3061 702 3122 deinde
721 3063 772 3123 illi.
803 3063 918 3138 servis,
945 3062 1085 3124 deindel

73 3145 203 3209 libertis.
225 3143 420 3220 parentinus,
435 3144 547 3206 deinde
560 3143 675 3206 liberis.
697 3147 792 3220 notis,
808 3147 920 3206 deinde
932 3148 1056 3222 ignotis.

74 3229 191 3305 ubique
212 3227 293 3288 enim
315 3243 429 3289 causae
447 3234 629 3302 supersunt,
655 3229 713 3290 nisi
734 3231 916 3305 deprecator
937 3232 1056 3292 animus

76 3311 220 3374 accessit.
243 3311 314 3374 binc
326 3319 357 3374 te
371 3311 423 3376 illo
438 3311 523 3372 furor
534 3309 642 3387 rapiet,
658 3313 738 3376 illinc
752 3314 822 3387 alio,
838 3321 869 3374 et
883 3315 972 3376 novis
984 3315 1056 3374 snb-

75 3398 148 3456 inde
169 3395 372 3458 inritamentis
398 3395 565 3458 orientibus
592 3397 815 3462 continuabitur
838 3399 956 3458 rabies:
989 3413 1056 3471 age,

76 3478 199 3558 infelix,
221 3480 385 3556 ecquando
407 3477 546 3541 amabis?
573 3497 591 3541 o
609 3496 699 3556 quam
715 3479 829 3544 bonum
842 3487 964 3556 tempus
978 3481 1008 3538 in
1024 3493 1057 3538 re
