2528 3906
205 265 269 332 too
499 265 893 358 nannonisnuncnn

206 436 241 481 se
256 411 424 494 castigabit.
452 416 588 494 deniqne
602 417 713 478 debeat
728 433 861 493 poenas:
876 435 938 480 non
952 427 1001 482 est
1015 423 1100 497 quod
1115 439 1186 484 cum

177 504 257 565 didio
273 502 358 579 paria
372 503 529 562 iaciamus.
562 502 639 562 liiud
654 517 714 562 non
732 503 832 563 veniet
851 502 882 562 in
896 502 1037 580 dubium,
1061 507 1134 582 quin
1149 523 1186 568 ss

206 587 352 647 exemerit
364 585 472 646 turbae
490 592 523 645 et
537 586 626 646 altius
641 583 759 646 steterit
771 585 913 662 quisquis
929 587 1072 664 despexit
1085 591 1185 652 laces-

207 675 327 730 sentes:
343 669 501 745 proprium
513 675 563 729 est
576 667 793 743 magnitudinis
806 685 901 730 verae
914 686 976 731 non
986 672 1102 733 sentire
1114 690 1185 749 per-

206 761 340 814 cussum.
362 747 413 813 Sic
428 751 558 812 inmanis
574 755 641 812 iera
653 753 694 812 ad
707 754 847 814 latratum
861 767 972 814 conum
983 755 1065 816 lenta
1076 773 1184 832 respe-

205 837 257 898 xit.
286 838 331 897 sio
341 835 452 897 *inmas
471 835 586 911 ingenti
602 838 733 910 scopulo
748 836 861 898 ductus
876 837 1017 898 adsultat.
1049 839 1107 912 Qui
1121 857 1185 902 non

205 921 355 994 irascitur,
369 921 574 982 inconcussus
587 920 696 980 iniuria
709 921 845 995 perstitit,
857 919 911 995 qui
922 922 1069 996 irascitur,
1081 931 1184 984 motus

176 1011 262 1065 dest.
283 1006 324 1064 At
337 1005 395 1077 iiie,
412 1017 504 1080 quem
517 1005 610 1065 modo
626 1005 762 1064 altiorem
778 1005 859 1066 omni
871 1003 1069 1068 incommodo
1082 1008 1185 1082 posui,

206 1095 290 1149 tenet
303 1089 447 1164 amplexu
463 1089 598 1164 quodam
612 1097 762 1148 summum
778 1089 902 1149 bonum.
917 1097 981 1148 'nec
992 1088 1107 1150 homini
1118 1097 1185 1151 tsn-

205 1180 283 1244 tnm‚
311 1173 366 1232 sed
388 1171 448 1248 ipsi
469 1174 608 1234 fortunae
628 1173 812 1247 respondet:
841 1172 963 1246 „omnia
984 1171 1056 1233 licet
1077 1175 1184 1248 iacias,

206 1257 362 1328 minores,
379 1270 469 1331 quam
485 1262 518 1316 ut
532 1257 725 1316 serenitatem
739 1271 838 1316 meam
853 1256 1002 1316 obducas.
1027 1263 1111 1317 vetat
1124 1257 1185 1318 hoc

206 1341 298 1412 natio,
316 1340 368 1400 cni
385 1339 477 1400 vitam
496 1339 664 1415 regendam
684 1339 765 1398 dedi.
798 1341 868 1414 plus
888 1339 960 1399 mihi
983 1341 1124 1400 nocitura
1137 1348 1185 1400 est

206 1425 251 1483 ira
272 1435 363 1500 quain
384 1424 502 1484 iniuria.
535 1421 642 1497 quidni
663 1423 754 1497 pius?
775 1423 855 1482 iliius
876 1423 988 1483 modus
1004 1429 1183 1484 certasset:

206 1509 265 1568 isto
279 1522 443 1582 quousque
457 1523 505 1566 me
519 1509 617 1566 latura
631 1505 671 1564 sit
685 1505 811 1565 dubium
825 1511 904 1566 est.“

179 1606 194 1657 1
268 1591 375 1650 XXVI.
396 1589 482 1664 „Non
498 1604 635 1666 possum,
650 1587 762 1663 inquis,
780 1589 851 1663 pati.
872 1604 967 1664 grave
981 1597 1028 1649 est
1043 1587 1185 1650 iniuriam
1215 1593 1234 1627 ⁶

207 1674 389 1734 sustinere.“
403 1673 550 1733 Mentiris.
567 1673 636 1748 quis
651 1673 731 1732 enim
745 1673 884 1732 iniuriam
899 1689 961 1735 non
976 1673 1183 1747 potestisne,
1254 1693 1255 1728 2

208 1756 261 1833 qui
277 1763 378 1832 potest
391 1757 487 1817 iram?
506 1755 688 1816 adiconunc
698 1756 783 1831 quod
794 1754 826 1815 id
837 1756 914 1831 agis,
929 1763 963 1816 ut
973 1763 1004 1816 et
1014 1757 1089 1816 iram
1101 1758 1186 1818 ieras
1254 1765 1255 1774 ’

207 1847 237 1901 et
251 1841 400 1900 iniuriam.
423 1841 522 1915 Quare
537 1841 600 1901 fers
614 1841 697 1915 aegri
711 1839 827 1900 rabiem
842 1846 873 1899 et
887 1839 1054 1915 phrenetici
1069 1841 1188 1900 verba?

207 1933 371 2000 puerorum
384 1933 544 1999 protomas
556 1931 686 1985 manusi
706 1938 816 1998 nempe
829 1924 901 1998 quia
913 1922 1053 1984 videntur
1063 1925 1187 1984 nescire

207 2009 281 2083 quid
295 2009 420 2068 taciano
443 2008 517 2082 quid
531 2007 671 2080 interest,
694 2023 756 2083 quo
778 2007 911 2084 quisque
924 2007 997 2068 vitio
1013 2007 1067 2067 fiat
1079 2007 1185 2084 inpru-

208 2093 307 2151 dens?
349 2091 543 2166 inprudentia
575 2104 630 2165 por
660 2089 691 2149 in
723 2091 864 2151 omnibus
895 2091 1097 2166 patrocinium
1128 2099 1186 2152 est.

179 2175 307 2250 s„Quid
320 2179 416 2249 ergo?
429 2175 540 2250 inquis,
554 2175 668 2249 inpune
679 2175 721 2236 iiii
733 2173 834 2234 eritt“
854 2174 970 2234 Putate
982 2175 1070 2248 veiis,
1083 2183 1185 2236 tamen
1253 2205 1254 2265 p

207 2273 268 2318 non
291 2258 355 2318 erit.
383 2257 516 2318 maxima
535 2264 583 2318 est
596 2259 676 2319 enim
691 2258 791 2318 iactae
802 2258 930 2316 iniuriae
946 2273 1046 2332 poena
1061 2257 1186 2332 iecisse,

207 2355 265 2400 nec
287 2341 450 2417 quisquam
467 2341 596 2416 gnavius
611 2341 753 2402 adficitur
770 2357 862 2415 quam
877 2341 930 2416 qui
944 2342 984 2401 ad
998 2342 1185 2416 supplicium

178 2424 412 2499 spoenitentiae
430 2425 567 2485 traditur.
596 2425 715 2485 Deinde
728 2425 769 2484 ad
784 2425 997 2486 condicionem
1010 2439 1115 2484 rerum
1130 2426 1184 2485 hu·
1252 2467 1253 2482 t

207 2515 362 2569 mansium
376 2509 603 2584 respiciendum
618 2516 674 2582 est,
688 2515 722 2569 ut
736 2506 868 2569 omnium
881 2508 1082 2568 accidentium
1093 2510 1186 2584 aequi

207 2592 326 2653 iudices
347 2593 453 2653 simus.
485 2593 608 2668 iniquus
625 2598 724 2652 autem
739 2597 801 2666 est,
825 2590 878 2666 qui
898 2605 1059 2652 commune
1080 2593 1185 2652 vitium

208 2676 336 2750 singuiis
358 2676 484 2737 obiecit:
512 2691 573 2736 non
594 2682 643 2735 est
658 2673 818 2750 Aethiopis
838 2675 916 2735 inter
930 2689 1004 2736 suos
1020 2675 1185 2750 insignitus

207 2761 308 2831 color,
322 2773 381 2818 nec
396 2761 482 2819 ruins
498 2759 590 2819 crinis
604 2767 636 2819 et
650 2765 775 2820 coactus
789 2759 820 2818 in
833 2758 950 2819 nodum
964 2759 1047 2833 apud
1061 2759 1185 2818 Germa-
1251 2801 1252 2804 ,

207 2857 265 2902 nos
285 2841 383 2900 virum
405 2842 542 2904 dedecet.
575 2841 649 2902 nihii
669 2843 699 2901 in
719 2857 782 2903 uno
802 2841 954 2902 iudicabis
978 2841 1114 2903 notabile
1134 2849 1188 2902 aut
1251 2841 1252 2931 i

208 2924 341 2998 foedum,
357 2925 441 2999 quod
452 2927 533 3000 genti
548 2937 623 2985 snae
635 2925 793 3001 pubiicum
808 2931 864 2986 ost.
879 2932 910 2986 et
922 2926 983 2986 isto
997 2935 1078 3001 quae
1087 2925 1186 2998 retuli,

208 3007 297 3067 unius
322 3005 457 3082 regionis
483 3015 576 3083 atque
597 3009 702 3082 angoti
724 3008 915 3070 consuetudo
936 3009 1086 3069 defendit:
1114 3007 1187 3067 vide

207 3097 298 3165 nunc,
309 3097 426 3165 quanto
440 3093 471 3151 in
486 3092 523 3152 iis
535 3092 645 3152 iustior
653 3092 744 3151 venia
756 3093 803 3164 sit,
820 3107 901 3166 quae
912 3108 969 3168 per
978 3099 1075 3154 totum
1086 3106 1186 3166 genus
1250 3139 1251 3150 ,

179 3174 372 3237 idumaeum
396 3177 520 3252 votgata
545 3182 625 3236 sunt.
659 3174 771 3235 Omnes
792 3175 956 3237 inconsulti
976 3184 1006 3236 et
1031 3175 1187 3251 inprovidi
1250 3185 1251 3265 t

208 3261 328 3334 seinans,
342 3258 581 3329 cinnesineerti,
599 3256 727 3333 queruli,
742 3258 905 3320 ambitiosi.
928 3259 1001 3334 quid
1017 3259 1186 3320 levioribus

207 3342 309 3402 veiiois
329 3343 421 3402 ulons
442 3341 602 3416 poetieam
618 3341 805 3402 abscondo?
837 3357 944 3403 omnes
965 3343 1035 3402 maii
1062 3358 1186 3404 sumus:

207 3427 353 3501 quiequid
368 3424 471 3500 itaque
486 3423 517 3482 in
528 3426 592 3486 olio
602 3424 854 3500 reprehenditur,
875 3425 908 3486 id
922 3424 1140 3500 unusquisque
1155 3424 1185 3484 in

208 3525 264 3568 suo
285 3508 360 3568 ¹sin'u
386 3508 528 3567 inveniet.
567 3507 644 3581 onio
669 3508 748 3568 iilius
769 3509 932 3584 pallorem,
959 3508 1038 3568 iilius
1056 3510 1186 3570 maciem
1249 3535 1250 3599 p
