2528 3906
182 163 243 228 136
368 165 403 224 L.
423 163 569 232 ANNAEI
589 161 764 228 SENECAE
785 163 886 224 alut.
909 163 963 223 vt.

178 333 250 378 eum
283 315 405 376 uideres
433 316 559 380 senilem
590 313 620 380 in
649 315 759 379 iurene
784 315 985 390 prudentiam,
1012 317 1164 386 victorem

181 400 314 468 omnium
331 401 518 474 voluptatum
533 398 674 472 animun,
689 399 891 472 emendatum,
906 407 1059 464 carentem
1076 401 1163 472 vilio,

181 483 302 542 divilias
318 483 385 550 sine
400 483 540 553 avaritia,
559 481 693 554 honerat
705 481 775 548 sina
788 482 970 556 ambitione,
984 485 1166 558 voluptates

180 567 248 626 sine
263 565 384 630 luxuria
398 565 606 642 adpetentem,
629 565 681 630 diu
694 565 747 632 tini
760 565 896 639 putabas
911 565 994 625 ilium
1008 567 1162 640 sospitam

182 663 278 724 posse
303 649 500 723 contingeret
531 647 680 722 Quicquid
707 650 747 719 ud
768 665 917 712 summm
940 651 1094 723 pervenit,
1122 650 1164 709 ad

181 733 295 794 exitum
315 747 413 807 prope
434 738 490 791 est.
518 731 608 805 eripit
625 747 662 798 se
677 733 837 806 aulertque
852 747 892 791 ex
907 733 1004 792 oeulis
1020 733 1163 806 perlecta

183 816 295 888 virtus,
325 831 382 874 nee
402 813 539 882 ultimum
558 823 679 890 tempus
703 821 885 888 exspectent
905 830 985 889 quae
1005 815 1036 874 in
1059 816 1163 890 primo

151 903 401 958 maturuerunt.
426 895 509 970 Ignis
525 913 586 971 quo
602 897 712 959 clarior
726 897 824 970 lulsit,
840 897 929 958 citius
946 898 1162 972 exstinguitur.

184 980 320 1043 vivacior
334 987 391 1050 est,
408 980 460 1054 qui
475 995 544 1041 omn
558 981 640 1048 lena
655 996 691 1043 ac
706 979 823 1046 dudelli
837 981 963 1041 materia
974 982 1166 1042 conmissus

184 1065 331 1138 fumoque
345 1065 505 1125 demersus
520 1077 560 1120 ex
576 1063 703 1124 sordido
719 1065 808 1128 lucet
826 1063 936 1126 eadem
950 1063 1031 1123 anim
1045 1064 1165 1134 detinet

184 1163 280 1208 cause
295 1162 384 1222 quae,
399 1146 529 1219 maligne
544 1146 610 1209 alite
625 1146 672 1206 sic
687 1145 879 1222 ingeniaque
891 1147 1075 1218 inlustriora,
1091 1147 1163 1209 brer

186 1231 272 1294 viora
289 1238 368 1294 sunt.
401 1245 471 1294 nam
494 1229 544 1296 ubi
563 1229 749 1296 incremento
770 1231 857 1292 locus
878 1245 940 1292 non
954 1238 1015 1302 ast,
1042 1231 1166 1297 vicinus

156 1313 173 1364 5
186 1328 317 1373 occasus
332 1319 388 1372 est.
410 1311 564 1380 Fabianus
579 1313 634 1384 ait,
650 1312 682 1378 id
696 1313 779 1386 qued
793 1313 891 1376 ,nestri
908 1329 1034 1388 quoque
1051 1329 1162 1388 paren-

184 1403 232 1459 tes
253 1395 374 1472 videre,
401 1411 530 1470 puerum
549 1397 666 1464 Romae
689 1396 785 1464 luisse
803 1403 921 1460 statura
940 1397 1072 1470 ingentis
1095 1397 1167 1455 viri.

185 1479 307 1548 sedhic
322 1478 382 1542 cito
398 1477 548 1551 decessit,
569 1487 599 1540 et
613 1495 673 1548 nan
689 1479 867 1550 nanterum
883 1480 969 1543 brevi
984 1494 1073 1539 nemo
1090 1493 1163 1554 prm
1246 1525 1247 1528 ,

185 1559 264 1630 daus
279 1563 363 1632 dixit.
393 1577 454 1634 nen
470 1567 588 1636 poterat
601 1563 680 1630 enim
697 1562 737 1630 ad
750 1562 831 1628 illam
845 1570 975 1627 acaum
991 1562 1164 1636 pen-entre,
1247 1611 1248 1618 ,

187 1662 278 1725 quam
296 1652 505 1724 praecaneret
528 1645 572 1715 lta
587 1653 647 1714 esti
670 1644 876 1713 indidimn‘eel
890 1646 1063 1712 imminentis
1079 1645 1167 1704 exitii
1248 1699 1249 1704 ,

186 1729 343 1788 maturitas
358 1735 388 1790 at
402 1728 519 1802 adpetit
530 1727 603 1788 finis
618 1729 669 1795 ulti
684 1728 869 1796 incramenta
884 1736 1068 1804 consumpta
1079 1735 1165 1788 sunt

157 1818 173 1868 1
238 1810 1166 1886 XXIV·Iueipevirtutibusillummoaanntsae.
1250 1820 1251 1846 t

188 1895 367 1969 straena,
387 1895 486 1964 satis
505 1895 569 1966 diu
586 1894 694 1962 vixit
717 1894 991 1971 peperceramus
1009 1895 1067 1956 sun
1085 1901 1165 1955 tuto-
1251 1912 1252 1936 ι

186 1999 254 2054 rum
272 1993 345 2052 cula
360 1993 461 2055 usqlli
481 1978 520 2049 {td
545 1985 682 2055 quartum
704 1979 853 2046 decinam
874 1995 985 2046 aunum
1007 1977 1080 2049 tuit,
1105 1978 1170 2037 sub

187 2065 293 2129 matris
307 2065 401 2129 tutela
422 2079 555 2137 mittitet-¹
582 2079 650 2130 dum
667 2063 796 2131 natant
815 2069 1050 2136 surrepentes,
1073 2061 1166 2119 relin-

190 2163 285 2222 quere
308 2155 378 2214 tuas
403 2147 500 2216 noluit
520 2154 550 2214 et
569 2146 598 2206 in
620 2153 756 2213 materna
777 2145 992 2218 contubernia,
1018 2160 1088 2204 cum
1114 2145 1169 2202 vin

190 2237 347 2305 paternum
362 2229 449 2300 tiberi
465 2230 576 2302 terant,
594 2229 811 2302 perseverarit.
840 2229 1024 2294 adulescens
1040 2234 1170 2298 smtuna,

188 2312 428 2390 puchritudine,
449 2319 551 2392 celera
573 2313 712 2386 eorporis
727 2311 839 2376 robure
859 2312 969 2376 eastris
982 2319 1072 2371 natus
1088 2309 1168 2384 utili-

159 2396 261 2468 aliem
272 2396 433 2467 recusavit,
450 2395 750 2463 naaediscederat
771 2395 919 2469 coapata,
933 2394 1056 2465 Marcia
1074 2409 1171 2468 quarn

189 2495 260 2552 rara
281 2477 395 2546 liberm
414 2478 538 2546 videant
559 2493 637 2552 quae
658 2477 688 2538 in
710 2477 840 2542 diversis
863 2477 1005 2540 domnus
1019 2477 1171 2536 habitant.

191 2563 292 2639 cogita
310 2569 354 2632 tot
373 2562 442 2629 ilios
464 2560 564 2636 parire
584 2577 682 2628 apros
702 2561 849 2626 matribus
870 2567 901 2623 at
914 2577 971 2636 per
989 2559 1169 2620 sollicitudi

191 2661 260 2710 uem
277 2645 371 2720 exigi,
399 2645 511 2720 quibus
529 2643 609 2716 iiiios
629 2645 659 2704 in
681 2644 818 2707 exercitu
834 2643 962 2708 habenta
989 2643 1071 2703 scies
1092 2644 1167 2702 mul·

128 2801 130 2806 ,
190 2737 253 2794 tum
274 2731 411 2804 patuisse
433 2728 492 2792 hec
511 2735 651 2802 tempus,
675 2741 715 2793 ex
737 2743 799 2802 quo
818 2727 862 2790 nil
880 2725 1051 2802 perdidisti.
1082 2741 1170 2785 num-

192 2827 283 2888 quam
310 2829 329 2872 a
350 2818 519 2885 conspeetu
539 2819 592 2880 tua
613 2811 751 2878 recessit.
784 2809 843 2880 suta
863 2810 962 2870 uentis
984 2809 1045 2868 tuis
1064 2807 1173 2868 studia

128 2965 131 2971 ,
191 2895 333 2961 tornavit
350 2895 525 2964 excellentis
547 2893 659 2968 intumit
679 2900 712 2960 et
731 2893 889 2968 aenuauut
908 2909 1012 2965 arum,
1032 2890 1094 2950 nisi
1115 2889 1170 2956 ot-

192 2978 322 3046 stitisset
344 2977 544 3050 verecundia,
574 2993 655 3052 quaa
678 2978 841 3044 malletum
864 2976 1020 3050 proiectus
1046 2975 1174 3038 silentia

161 3060 315 3137 aprcssit.
346 3059 541 3131 Adulescens
566 3060 741 3127 rarissimae
768 3061 886 3125 immac
912 3060 942 3120 in
970 3067 1032 3126 tan
1058 3072 1173 3132 magna

191 3142 371 3214 feminarum
394 3143 483 3213 turba
509 3143 597 3212 virus,
618 3143 876 3230 corrumpentium
900 3141 1014 3204 nudius
1037 3157 1073 3204 se
1102 3139 1174 3216 spei

191 3227 347 3303 praebuit,
368 3233 399 3288 et
414 3243 482 3289 eum
497 3227 696 3301 quarumdam
709 3242 810 3301 usqua
823 3227 864 3289 ad
877 3225 1084 3300 temptandum
1102 3225 1173 3299 per-

192 3309 330 3372 venisset
344 3310 528 3384 inprobitas,
555 3309 675 3378 erubuit
694 3311 783 3384 quasi
802 3317 979 3384 peccasset,
1005 3309 1091 3382 quod
1106 3307 1173 3382 pla-

192 3401 307 3458 cuerat.
335 3394 394 3452 hae
414 3393 572 3454 sanctitate
593 3409 711 3460 morum
724 3393 840 3469 effecit,
866 3399 900 3454 ut
912 3407 990 3470 puer
1004 3391 1175 3452 admodum
