2546 3890
215 224 278 288 254
409 227 441 285 n.
456 225 602 286 annum
624 223 798 317 sennenn
819 205 1014 290 ornnan

187 390 199 441 ι
276 377 342 438 XV·
377 376 450 436 lllo
478 374 600 438 omnis
628 377 852 438 consolatio
880 377 970 450 mihi
998 379 1190 440 uertenda

215 467 293 534 est,
322 461 423 520 unde
453 475 546 519 vera
578 460 636 518 vis
668 461 831 521 materni
864 459 1016 520 doloris
1046 464 1190 523 oritur:

215 559 294 620 „ego
317 543 467 618 conplexu
489 542 542 604 tilii
557 541 705 602 carissimi
721 558 827 614 careo,
848 559 910 604 non
925 552 1094 618 conspectu
1109 547 1187 618 eius,

215 644 276 688 non
297 641 439 688 sermone
461 641 587 701 possum
603 625 670 686 irui.
696 625 748 686 ubi
762 633 810 686 est
823 626 889 698 ille,
912 643 974 702 quo
989 628 1056 688 uiso
1071 629 1190 689 tristem

215 711 329 772 voltum
352 709 502 782 relaxavi,
529 709 559 768 iu
582 725 644 786 quo
666 725 773 770 omnes
793 709 1013 772 sollicitudines
1033 727 1119 770 meos
1135 713 1188 770 de-

214 794 328 870 posuit
357 793 408 853 ubi
430 792 597 867 colloquia,
625 808 753 868 qnorum
781 791 973 868 inexplebilis
998 801 1104 854 eramt
1122 795 1188 854 'ulii

201 876 332 950 studia,
359 875 469 950 quibus
490 875 631 936 libentius
646 891 736 950 quem
754 875 878 947 lemine,
903 877 1079 937 familiarius
1096 894 1187 952 quam

216 967 312 1020 mater
326 959 507 1020 intereram?
527 957 578 1018 ubi
592 959 642 1019 ille
658 954 829 1019 oc'cursust
855 959 907 1019 ubi
922 967 1017 1020 matre
1029 961 1096 1020 visa
1107 977 1187 1020 sem
1260 973 1261 1040 ι

188 1053 272 1118 tper
287 1041 410 1117 puerilis
426 1040 608 1102 liilaritast“
642 1042 748 1102 Adicis
763 1041 830 1103 istis
846 1043 913 1103 loca
929 1041 998 1116 ipsa
1011 1043 1187 1116 gratulatio·
1260 1113 1261 1134 i

215 1143 286 1186 num
303 1133 334 1186 et
350 1123 543 1186 convictuum
559 1133 602 1197 et,
625 1134 657 1186 ut
672 1140 801 1186 necesse
816 1134 878 1200 est,
900 1125 1132 1186 efficacissimas
1148 1129 1187 1188 ad

216 1209 375 1268 vexandos
390 1209 508 1270 animos
524 1209 655 1268 recentis
669 1208 909 1269 conversationis
924 1215 1023 1269 notas.
1045 1210 1188 1270 namhoc
1260 1243 1261 1270 l

217 1309 342 1367 quoque
363 1292 513 1352 adversus
534 1299 563 1352 te
584 1292 746 1353 crudeliter
767 1291 887 1352 fortuna
900 1293 1003 1354 molita
1017 1300 1080 1366 est,
1102 1295 1186 1368 quod

215 1382 245 1436 te
256 1383 325 1436 ante
337 1376 453 1436 tertium
462 1375 582 1434 demum
595 1376 674 1436 diem
683 1391 772 1451 quarn
786 1377 944 1449 perculsus
956 1392 1032 1448 sum,
1045 1392 1186 1437 securam

186 1469 272 1520 3nec
289 1458 454 1534 quicquam
477 1459 535 1518 tale
556 1467 735 1538 metuentem
755 1457 873 1532 digredi
889 1459 990 1519 voluit.
1026 1459 1111 1520 Bene
1128 1479 1187 1520 nos

215 1542 421 1617 longinquitas
446 1542 583 1616 locorum
608 1541 776 1618 diviserat„
793 1541 872 1600 bene
896 1540 1012 1616 aliquot
1036 1558 1187 1604 annorum
1260 1587 1261 1596 i

215 1623 354 1686 absentia
367 1622 440 1684 huic
454 1631 483 1683 tc
497 1625 577 1684 malo
593 1632 843 1699 praeparaverat:
864 1625 969 1685 redisti
982 1641 1043 1686 non
1055 1633 1088 1686 ut
1099 1628 1182 1688 volu

216 1714 327 1783 ptatem
339 1723 379 1767 ex
389 1707 453 1768 lilio
465 1707 652 1781 perciperes
668 1708 725 1767 sed
737 1714 769 1768 ut
780 1709 1030 1768 consuetudinem
1041 1709 1185 1769 desiderii

214 1791 373 1867 perderes.
393 1791 420 1850 si
430 1791 524 1850 multo
536 1800 605 1852 ante
613 1791 755 1864 emisses,
768 1791 1008 1852 lortiustulisses
1016 1791 1085 1866 ipso
1093 1791 1186 1852 inter-

214 1875 295 1934 vallo
311 1874 494 1936 desiderium
510 1875 678 1936 molliente:
700 1873 727 1934 si
747 1890 807 1933 non
822 1873 1026 1946 recessisses,
1046 1875 1184 1934 ultimum
1260 1899 1261 1906 ι

123 2019 126 2024 ,
216 1965 297 2018 certe
310 1959 441 2020 fructum
456 1958 549 2018 biduo
564 1957 676 2020 diutius
692 1957 817 2017 videndi
833 1958 927 2018 filium
941 1957 1080 2031 tulisses:
1103 1975 1185 2018 nunc

216 2041 339 2102 crudele
360 2043 454 2102 latum
467 2043 508 2102 ita
523 2039 700 2116 conposuit,
722 2047 755 2100 ut
768 2056 825 2100 nec
840 2042 978 2101 fortunae
992 2056 1080 2101 meae
1094 2041 1184 2102 inter-

185 2129 303 2185 lesses
317 2139 374 2184 nec
386 2123 542 2186 absentiae
553 2124 765 2186 adsuesceres.
790 2122 850 2184 Sed
864 2132 976 2198 quanto
991 2124 1049 2184 ista
1060 2124 1186 2186 duriora

215 2215 298 2278 sunt,
326 2213 410 2266 tanto
430 2207 527 2267 maior
539 2207 592 2266 tibi
606 2207 701 2268 virtus
719 2203 899 2270 advocanda
914 2215 960 2267 est
974 2215 1004 2268 et
1017 2207 1101 2267 velut
1115 2225 1185 2268 cum

213 2290 303 2350 hoste
317 2295 390 2350 noto
405 2305 441 2350 ac
456 2305 551 2364 saepe
566 2291 624 2350 iam
640 2288 720 2352 victo
736 2291 837 2350 acrius
852 2299 899 2352 est
913 2291 1184 2364 congrcheudum.

213 2371 279 2432 Non
302 2388 340 2432 ex
354 2371 466 2433 intacto
482 2390 611 2448 corpore
626 2380 677 2434 tuo
692 2373 817 2448 sanguis
833 2373 882 2434 hic
896 2372 998 2434 fluxim
1028 2390 1083 2447 per
1098 2375 1186 2449 ipsas
1260 2395 1261 2432 t

214 2456 371 2518 cicatrices
387 2471 535 2532 percussa
549 2473 594 2517 es.

186 2549 200 2602 1
274 2539 352 2599 XVI.
380 2541 458 2602 Non
481 2548 540 2600 est
561 2540 659 2615 quod
683 2541 807 2600 utaris
828 2540 1085 2604 excusatione
1107 2557 1185 2601 mu·
1260 2539 1261 2612 l

212 2621 352 2684 liebris
371 2623 552 2698 nominis,
574 2623 622 2684 eui
639 2638 735 2701 paene
751 2639 932 2684 concessum
949 2630 997 2684 est
1011 2623 1185 2683 inmodera-

212 2713 275 2765 tum
287 2708 316 2767 in
328 2707 469 2768 lacrimas
481 2708 607 2780 iusnon
619 2705 788 2768 inmensum
800 2713 909 2766 tomen.
932 2712 962 2766 et
972 2706 1042 2766 ideo
1050 2707 1185 2766 maiores

214 2787 319 2848 decem
332 2789 480 2850 mensium
493 2791 622 2865 spatium
634 2789 807 2864 lugentibus
813 2788 897 2850 viros
905 2789 1062 2863 dederunt,
1075 2797 1184 2850 uicum

213 2871 1185 2948 pertinaciamutiebrismoerorispublicaconstitutionedecide·

211 2963 288 3016 rent.
316 2972 376 3016 non
391 2955 610 3031 prohibuerunt
620 2957 735 3030 luctus,
751 2956 807 3017 sed
818 2955 969 3017 finierunt.
989 2963 1102 3016 namet
1115 2956 1184 3014 inii-

212 3039 274 3100 nito
290 3039 413 3112 dolore,
438 3055 506 3101 cum
527 3039 658 3116 aliquem
675 3057 712 3100 ex
728 3039 895 3100 carissimis
912 3035 1067 3112 amiseris,
1091 3039 1184 3098 adlici

212 3124 304 3180 stulta
315 3123 501 3197 indulgentia
512 3131 572 3197 est,
588 3121 1014 3186 etnulloinlrumanaduritia=
1035 3123 1184 3202 optimum

211 3204 289 3262 inter
299 3205 439 3277 pietatem
449 3205 1121 3282 etrotionemtemperamentumestetsentire
1129 3205 1183 3264 de-

182 3284 355 3346 tsiderium
368 3295 398 3348 et
408 3289 591 3364 opprimere.
607 3289 673 3350 Non
686 3297 734 3351 est
746 3289 828 3363 quod
840 3289 879 3348 ad
893 3288 1042 3363 quasdam
1054 3287 1185 3370 leminas

210 3368 377 3441 respicias,
400 3386 527 3444 quarum
545 3371 691 3432 tristitiam
708 3373 801 3432 semel
813 3379 963 3451 sumptam
975 3385 1059 3432 mors
1075 3370 1184 3431 linivit.

211 3449 292 3510 nosti
307 3451 474 3530 quasdam,
497 3470 576 3528 quae
586 3455 708 3517 amissis
719 3455 792 3516 filiis
800 3455 932 3532 inposita
942 3454 1084 3530 lugubria
1095 3470 1184 3516 nunr-
