2522 3906
188 202 211 266 a
232 203 365 266 otoni.
382 204 515 279 cunno
526 206 675 281 norom
686 206 1047 274 tuoounooncouts
1060 183 1169 276 vicus

189 359 311 420 radices
332 367 361 421 ot
380 359 509 432 herbas,
532 373 610 434 quas
625 357 654 418 in
676 359 871 434 repurgando
888 374 962 434 agro
985 360 1176 435 triumphalis

191 461 286 504 senex
302 445 414 503 vulsitt
430 444 503 518 quid
515 449 610 517 ergo?
624 441 742 502 felicior
753 449 844 516 esset,
857 442 884 503 si
895 443 925 503 in
937 451 1073 504 ventrem
1085 461 1176 504 suum

190 527 348 602 longinqui
369 527 465 587 litoris
489 527 590 602 pisces
606 534 637 586 et
652 527 813 601 peregrina
827 527 959 602 aucupia
974 535 1177 602 congererem

191 611 217 670 si
234 611 404 689 conchyliis
420 611 525 685 superi
539 617 632 686 atque
648 609 736 669 inferi
752 611 845 670 maris
859 610 1009 685 pigritiam
1026 611 1175 670 stomachi

96 771 100 776 ¹
190 695 359 755 nausiantis
382 695 535 768 erigerem
565 695 591 754 si
619 693 733 768 ingenti
755 709 914 769 pomorum
935 701 1018 754 struo
1039 695 1178 768 cingeret

156 781 175 840 t
190 779 306 854 primae
322 779 436 838 lormae
452 779 551 851 lenas,
568 785 675 854 captas
689 779 783 838 multa
798 779 892 838 caede
907 777 1105 838 venantium?
1126 781 1175 837 ln·

189 863 262 922 iclix
279 870 326 922 est
336 861 476 936 Rutilius,
494 863 577 936 quod
590 861 643 936 qui
654 863 735 920 illum
749 863 976 935 damnaverunt,
993 877 1115 922 causam
1129 862 1173 922 di·

190 953 259 1008 cent
272 946 412 1005 omnibus
425 947 559 1006 seculis?
583 946 667 1020 quod
679 944 825 1020 aequiore
837 945 938 1006 animo
950 961 1064 1020 possus
1080 952 1175 1006 estse

190 1030 306 1104 patriae
318 1029 395 1104 eripi
410 1045 500 1104 quam
513 1029 570 1088 sibi
587 1030 731 1089 exiliumt
753 1029 838 1104 quod
852 1029 955 1090 Sullae
970 1029 1108 1089 dictatori
1118 1046 1175 1098 ‘so‘

189 1117 237 1173 lus
253 1112 369 1188 aliquid
388 1114 510 1186 negavit
524 1121 554 1173 et
575 1120 737 1173 revocatus
753 1129 815 1172 non
831 1120 946 1173 tantum
964 1121 1046 1173 retro
1071 1114 1176 1188 cessit,

170 1197 247 1257 sed
260 1198 382 1272 longius
398 1195 495 1271 sagitt
522 1196 694 1270 „Viderint
711 1195 820 1271 inquit,
836 1197 885 1257 isti
901 1213 980 1272 quos
991 1194 1108 1258 Romae
1121 1199 1173 1256 de-

191 1280 350 1355 prehendit
364 1281 491 1340 felicitas
506 1287 567 1340 tua.
591 1279 716 1340 videant
730 1281 846 1356 largum
862 1280 892 1340 in
909 1283 975 1342 loro
992 1280 1174 1356 sanguinem

190 1372 220 1426 et
234 1381 330 1438 supra
345 1363 544 1424 Servilianum
556 1367 660 1426 lacum
674 1364 719 1438 (id
731 1365 810 1424 enim
825 1366 1059 1440 proscriptionis
1074 1364 1173 1424 Sulla-

189 1447 248 1510 nae
262 1447 441 1524 spoliarium
457 1456 517 1520 est)
541 1456 717 1508 senatorum
731 1446 832 1522 capita
852 1457 882 1508 et
903 1447 1178 1522 passimvagantis

189 1537 246 1608 pe'r
257 1533 363 1593 urbem
380 1547 595 1606 percussorum
611 1547 721 1606 greges
737 1539 766 1590 ot
786 1533 974 1592 multamilia
989 1531 1174 1592 civiumRo·

189 1632 347 1676 manorum
361 1632 424 1675 uno
436 1617 505 1675 loco
519 1623 589 1690 post
603 1615 710 1688 fidem,
725 1615 817 1675 immo
831 1632 885 1691 per
897 1615 995 1692 ipsam
1006 1615 1099 1674 fidem
1110 1623 1175 1675 tru-

157 1703 175 1756 8
190 1701 298 1760 cidata.
322 1698 446 1758 videant
458 1698 516 1758 ista
529 1699 580 1773 qui
592 1700 717 1758 exulare
729 1715 789 1758 non
803 1706 964 1774 possunt.“
988 1699 1066 1773 Quid
1078 1707 1181 1774 ergo?

163 1842 164 1845 ,
190 1783 264 1843 lelix
278 1789 326 1844 est
339 1783 372 1842 L.
389 1781 488 1857 Sulla,
512 1783 595 1858 quod
616 1781 658 1842 illi
675 1783 874 1844 descendenti
895 1785 934 1843 ad
956 1784 1054 1844 lorum
1069 1785 1173 1858 gladio

189 1866 401 1940 submovetur,
425 1869 509 1941 quod
524 1867 625 1942 capita
645 1865 703 1926 sibi
719 1867 924 1928 consularium
943 1868 1078 1928 virorum
1095 1869 1175 1942 pati·

191 1957 238 2011 tur
252 1951 373 2012 ostendi
395 1957 425 2010 et
445 1951 575 2025 pretium
591 1949 694 2010 caedis
717 1967 773 2026 per
789 1960 982 2026 quaestorem
1001 1968 1038 2012 ac
1052 1951 1174 2012 tabulas

190 2035 327 2109 publicas
343 2041 501 2095 numerati
522 2035 642 2094 ethaeo
659 2035 759 2094 omnia
774 2036 846 2096 lacit
859 2035 923 2108 ille,
939 2035 989 2095 ille
1005 2036 1057 2111 qui
1072 2035 1173 2110 legem

156 2124 174 2178 9
189 2118 358 2180 Corneliam
372 2119 446 2178 tulit.
482 2117 652 2180 Veniamus
668 2119 706 2178 ad
718 2119 883 2193 Regulum:
906 2120 980 2194 quid
994 2120 1035 2178 illi
1052 2121 1175 2179 fortuna

189 2201 300 2274 nocuit,
317 2202 401 2277 quod
412 2203 495 2262 illum
508 2204 723 2264 documentum
735 2203 816 2278 fidei,
829 2204 1044 2264 documentum
1058 2202 1174 2277 patien-

188 2287 249 2346 tiae
269 2285 360 2346 lecitt
391 2285 502 2361 Figunt
522 2295 621 2347 cutem
645 2287 723 2346 clavi
747 2293 776 2346 et
798 2303 994 2362 quocumque
1014 2288 1177 2360 fatigatum·
1251 2297 1252 2372 J

189 2385 302 2446 corpus
313 2370 486 2444 reclinavit,
503 2370 620 2431 volneri
632 2371 791 2441 incumbit,
804 2371 833 2430 in
847 2380 1026 2446 perpetuam
1037 2369 1173 2444 vigiliam

188 2470 342 2529 suspensa
353 2461 424 2514 sunt
432 2455 560 2515 lumina:
578 2461 691 2529 quanto
704 2455 772 2530 plus
785 2457 925 2515 tormenti
937 2462 1020 2516 tanto
1033 2447 1103 2528 plus
1115 2455 1180 2512 erit.

186 2539 311 2612 gloriae.
345 2539 402 2597 Vis
422 2538 502 2598 scire
518 2555 608 2614 quam
630 2555 691 2598 non
716 2539 868 2612 poeniteat
889 2539 949 2600 hoc
967 2539 1064 2613 pretio
1079 2539 1172 2598 aesti-

188 2621 461 2682 massevirtutemt
480 2623 573 2682 relico
585 2623 666 2682 illum
679 2629 708 2680 et
719 2623 802 2682 mitte
813 2623 842 2682 in
855 2630 1009 2683 senatum:
1032 2621 1173 2682 eamdem

144 2713 179 2766 10
189 2706 367 2766 sententiam
383 2707 471 2766 dicet.
504 2707 683 2766 Feliciorem
703 2721 776 2780 ergo
798 2713 829 2764 tu
844 2706 1051 2766 Maecenatem
1069 2711 1175 2778 putas,
1251 2767 1252 2790 χ

130 2802 132 2809 ·
188 2791 236 2852 cui
252 2791 407 2854 amoribus
423 2791 515 2850 anxio
538 2797 568 2850 et
588 2805 731 2850 morosae
750 2791 857 2851 uxoris
873 2789 1026 2850 cotidiana
1040 2789 1173 2862 repudia
1251 2791 1252 2812 ¹

145 2937 148 2944 ,
187 2874 312 2934 dellcnti
328 2891 455 2934 somnus
471 2890 527 2949 per
542 2875 795 2952 symphoniarum
811 2881 931 2934 cantum
947 2889 987 2932 ex
1001 2872 1174 2946 longinquo
1251 2885 1252 2956 l

185 2959 254 3018 lene
268 2959 478 3018 resonantium
494 2960 670 3032 quaeritur?
692 2975 777 3032 mero
789 2975 823 3018 se
835 2959 906 3017 licet
920 2957 1023 3032 sopiat
1033 2965 1063 3016 et
1075 2973 1170 3030 aqua·
1251 2975 1252 3028 l

183 3060 250 3103 rum
262 3041 434 3116 fragoribus
446 3049 556 3101 avocet
567 3050 596 3101 et
607 3042 677 3101 mile
689 3042 895 3118 voluptatibus
906 3048 1038 3102 mentem
1048 3040 1172 3100 anxiam

184 3127 282 3200 fallat,
305 3133 365 3186 tam
383 3125 516 3199 vigilabit
534 3123 565 3183 in
581 3128 684 3200 pluma
700 3143 791 3202 quam
806 3127 857 3186 ille
872 3127 902 3186 in
919 3141 1023 3186 cruce=
1053 3124 1109 3184 sed
1126 3121 1171 3182 illi

184 3210 326 3270 solatium
341 3215 388 3268 est
403 3224 458 3282 pro
473 3207 603 3269 honesto
619 3211 697 3270 dure
707 3212 838 3271 tolerare
851 3219 881 3272 et
895 3211 935 3270 ad
948 3222 1072 3270 causam
1084 3223 1103 3266 a
1116 3223 1170 3280 pa-

181 3294 287 3361 tientia
307 3292 446 3366 respicit,
469 3292 552 3352 hunc
567 3295 774 3369 voluptatibus
789 3295 958 3355 marcidum
980 3300 1009 3352 et
1026 3291 1176 3351 felicitate.

183 3377 275 3438 nimia
289 3375 477 3445 laborantem
493 3377 590 3452 magis
604 3378 652 3437 his
669 3395 747 3454 quae
763 3377 885 3452 patitur,
901 3385 993 3438 vexat
1008 3391 1102 3436 causa
1114 3387 1171 3448 pa-

140 3471 173 3524 11
183 3461 287 3522 tiendi.
326 3460 393 3522 Non
415 3477 513 3536 usquc
535 3477 572 3521 eo
593 3461 630 3521 in·
643 3461 878 3538 possessionem
900 3461 1023 3536 generis
1043 3459 1169 3521 humani
