2546 3890
105 226 347 288 ADHELVIAM
355 225 890 304 MATREMDEGONSOLATIONE.
901 238 944 291 10.
954 239 993 292 tt.
1015 229 1080 300 249

104 393 200 440 nosse
215 392 329 453 operae
344 377 473 452 pretium
487 384 545 438 est.
579 377 653 438 Cum
668 377 840 438 sestertium
855 378 964 450 millies
978 379 1009 439 in
1024 394 1111 448 ιιι-ιι

101 463 195 522 tinam
213 461 410 536 coniecisset,
426 477 494 522 curn
509 467 553 521 tot
566 460 722 536 congiaria
735 459 907 537 principum
922 469 953 524 et
966 463 1076 538 ingens

61 555 66 562 “
103 544 243 620 Capitolii
264 544 394 620 vectigal
415 544 543 621 singuiis
564 544 832 606 comissationibus
856 545 1078 622 exsorpsisset,

102 643 175 690 aere
189 625 290 706 alieno
306 642 477 705 oppressus
490 626 625 689 rationes
641 643 714 702 suas
725 634 798 700 tune
809 629 939 704 primum
950 637 1077 692 coactus

102 712 253 786 inspexit:
275 711 503 786 superfuturum
517 709 576 772 sibi
588 711 762 774 sestertium
774 713 889 785 centies
900 714 1078 790 conputavit

102 803 132 858 et
153 795 286 874 velutin
307 794 412 856 ultima
432 795 512 856 same
531 795 684 868 victurus,
712 795 739 856 si
759 795 790 854 in
805 796 946 860 sestertio
961 797 1076 857 seniles

101 877 247 952 vixisset,
270 893 390 940 venene
411 879 503 938 vitam
518 877 624 940 finivit
660 878 778 952 Quanta
789 878 911 950 luxuria
925 887 1004 950 erat,
1028 881 1076 940 cui
1084 883 1120 934 lb

102 962 218 1026 centies
241 962 414 1038 sestertium
433 968 555 1036 egestas
571 962 681 1022 iniit
672 980 682 1021 1
697 971 823 1026 nuncet
838 961 912 1038 puta
926 963 1078 1038 pecuniae

101 1039 227 1108 modum
241 1045 361 1108 adrem
377 1045 541 1122 pertinere,
563 1062 624 1106 non
642 1046 742 1106 animi.
766 1044 945 1118 Sestertium
960 1045 1076 1108 centies

102 1129 214 1206 aliquis
235 1129 372 1191 extimuit
389 1135 431 1202 et,
455 1128 540 1204 quod
552 1129 602 1190 alii
616 1136 689 1190 voto
704 1115 824 1205 petunt,
845 1145 963 1191 veneno
979 1129 1076 1204 iugitt

101 1213 143 1273 ιιιι
164 1227 239 1272 vero
259 1220 320 1274 tam
336 1227 452 1288 pravae
465 1212 574 1272 mentis
590 1211 704 1272 homini
719 1212 824 1274 ultima
838 1214 923 1289 potio
939 1213 1076 1274 saluber·
1124 1280 1128 1284 p

100 1297 178 1356 rima
191 1296 260 1358 ιιιιι.
284 1303 354 1356 tunc
368 1311 487 1356 venena
498 1283 609 1357 edebat
623 1295 821 1372 bibebatque,
844 1312 914 1356 cum
928 1295 1078 1356 inmensis

101 1379 202 1454 eputis
217 1395 278 1440 non
293 1380 495 1440 delectaretur
511 1385 638 1452 tantum,
662 1379 719 1450 sed
732 1380 926 1454 gloriaretur,
948 1395 1017 1440 curn
1031 1378 1077 1438 vi-

100 1463 144 1522 tia
165 1478 223 1523 sua
237 1469 419 1537 ostentaret,
442 1477 510 1522 curn
524 1463 675 1524 ciuitatem
689 1464 720 1524 in
734 1463 884 1538 luxuriam
899 1478 986 1522 suom
1001 1479 1075 1524 con·

100 1553 247 1628 verteret,
271 1562 339 1607 cum
360 1547 547 1607 iuventutem
561 1546 600 1606 ad
614 1545 812 1608 imitationem
827 1547 875 1616 sui
890 1547 1074 1619 sollicitaret,

101 1630 192 1690 etiarn
207 1629 274 1690 sine
288 1629 376 1692 maiis
391 1631 539 1708 exemplis
556 1646 611 1705 per
625 1645 660 1691 se
672 1629 812 1692 docilem.
834 1631 918 1692 Haec
932 1629 1115 1692 acciduntlt
1174 1677 1180 1690 .

100 1711 223 1773 divitius
244 1729 305 1776 non
326 1713 367 1774 ad
386 1711 533 1774 rationem
551 1712 782 1788 revocantibus,
804 1714 892 1788 cuius
908 1715 981 1776 certi
995 1714 1074 1774 fines

100 1789 187 1870 sunt,
208 1797 268 1857 sed
287 1799 327 1858 ad
350 1795 490 1859 vitiosam
512 1795 780 1869 consuetudinem,
801 1797 887 1858 cuius
902 1797 1075 1858 inmensum

100 1887 130 1940 et
150 1879 454 1976 inconprehensibile
479 1879 634 1941 arbitrium
659 1888 714 1940 est.
751 1879 913 1958 Cupiditati
933 1879 1006 1940 nihil
1027 1887 1076 1941 est

100 1961 191 2038 satis,
215 1972 341 2026 naturae
361 1964 436 2024 satis
455 1970 503 2024 est
516 1963 605 2024 etiarn
623 1979 739 2040 parum.
775 1963 894 2024 Nuitum
909 1979 982 2039 ergo
998 1979 1073 2039 pau·

99 2054 206 2122 pertas
218 2048 318 2108 exulis
329 2045 555 2108 incommodum
566 2045 671 2108 babet
693 2047 898 2108 nutiumenim
909 2048 1075 2123 taminops

100 2130 223 2191 exitium
239 2137 301 2203 est,
318 2131 400 2206 quod
416 2146 479 2190 non
493 2131 603 2192 alendo
615 2129 730 2192 homini
740 2123 863 2191 abunde
875 2131 972 2191 fertile
984 2131 1030 2190 sit

162 2215 213 2274 XI.
234 2219 289 2276 An
311 2221 457 2276 vestem
475 2230 518 2274 ac
533 2214 680 2275 domum
695 2213 1000 2276 desideraturus
1016 2220 1104 2274 esti

99 2297 211 2358 exult
244 2299 294 2370 [si]
319 2295 396 2358 haec
423 2313 547 2372 quoque
570 2299 610 2358 ad
630 2314 721 2358 usum
741 2305 856 2360 tantum
878 2297 1074 2374 desiderabit,

87 2389 201 2456 ¹neque
220 2388 334 2446 tectum
354 2381 382 2440 ei
403 2381 500 2442 deerit
517 2396 617 2458 neque
638 2382 850 2442 velamentum.
877 2396 976 2456 aeque
993 2380 1073 2440 eninr

99 2464 212 2540 exiguo
236 2466 347 2538 tegitur
372 2481 486 2540 corpus
512 2480 603 2540 quam
628 2463 725 2524 alitur.
770 2463 843 2523 nibil
872 2462 987 2524 bomini
1021 2479 1073 2522 na-

98 2553 181 2622 tura,
210 2547 295 2622 quod
315 2549 524 2610 necessarium
538 2543 684 2617 iaciebat,
707 2545 780 2606 iecit
794 2561 971 2621 operosum.
1010 2543 1106 2608 Sedr

98 2631 256 2692 desiderat
277 2631 408 2692 saturari
432 2633 526 2692 multo
549 2629 713 2708 conchylio
734 2645 900 2705 purpuram
927 2626 1072 2688 intextam

97 2730 174 2774 auro
188 2715 343 2792 variisque
354 2721 384 2776 et
395 2711 550 2774 coloribus
562 2711 733 2774 distinctam
746 2719 776 2788 et
786 2710 917 2773 artibus·
935 2727 997 2772 non
1014 2713 1073 2772 ior-

98 2805 190 2858 tunae
204 2798 262 2858 iste
278 2799 366 2871 vitio,
389 2797 446 2858 sed
461 2814 518 2857 suo
532 2811 652 2872 pauper
663 2801 719 2856 est
743 2783 860 2856 etiamsi
872 2793 914 2854 iiii
926 2793 1074 2870 quicquid

97 2881 213 2954 amisit,
229 2880 414 2962 restitueris,
430 2879 502 2940 nihii
518 2895 602 2954 ages.
626 2881 696 2956 plus
708 2876 788 2938 emm
798 2877 988 2940 restituendo
1001 2878 1073 2937 dee

8 3027 9 3030 ,
95 2965 136 3024 ιιι
156 2979 268 3036 exeo,
292 2964 378 3040 quod
398 2964 496 3061 cupit,
520 2978 612 3040 quarn
633 2962 838 3034 exutiexeo,
860 2959 1072 3036 quodhaburt

99 3046 163 3108 Sed
179 3047 335 3108 desiderat
349 3048 450 3108 aureis
466 3049 630 3123 fulgentem
639 3055 726 3106 vasis
740 3043 961 3122 supellectitem
976 3050 1006 3104 et
1021 3060 1072 3104 an·
1083 3057 1104 3110 3

95 3131 191 3206 tiquis
213 3131 388 3194 nominibus
411 3131 558 3192 artificum
578 3137 736 3204 argentum
750 3129 866 3202 nobile,
889 3143 943 3187 aes
958 3143 1071 3204 pauco·

94 3229 164 3273 rum
176 3213 295 3276 insania
306 3214 474 3292 pretiosum
487 3221 516 3275 et
527 3229 687 3274 servorum
698 3211 826 3285 turbam,
843 3227 922 3286 quae
932 3211 1073 3286 quemvis

96 3313 238 3372 magnam
260 3299 384 3360 domurn
405 3305 559 3374 angustet,
582 3298 783 3357 iumentorum
805 3309 937 3370 corpora
953 3293 1074 3355 differta

96 3387 127 3440 et
148 3388 256 3442 coacta
277 3383 478 3458 pinguescere
493 3389 523 3443 et
538 3379 693 3442 nationum
709 3377 843 3440 omnium
857 3379 992 3454 lapides:
1014 3379 1075 3437 ista

96 3473 304 3541 congerantur
317 3467 401 3542 iicet,
418 3481 581 3541 numquam
597 3463 763 3540 explebunt
777 3461 992 3539 inexplebitem
1009 3461 1072 3520 ani·
