2522 3906
336 600 384 686 i.
408 602 548 686 llltltl
569 603 740 688 stituit

207 751 583 849 nlltttttltlllt
622 753 793 847 tinuit
829 756 874 849 lt.

418 927 467 979 AD
486 927 667 980 SERENUM

66 1039 126 1103 ltu
149 1041 327 1106 intitulant
351 1043 428 1106 NEC
456 1044 729 1108 consultatum
755 1045 944 1109 ncclrnltn
973 1048 1030 1109 SA·

453 1145 627 1206 Plunrutt.

394 1279 401 1292 ⁸
516 1278 568 1312 SIVE

294 1371 351 1436 ‘nr
368 1367 576 1436 consrrmn
593 1368 778 1436 snrrmrrs.

464 1521 617 1531 *—

114 1627 135 1684 l.
155 1589 296 1686 Tantum
312 1625 393 1686 inter
415 1627 551 1701 Stoicos,
568 1626 698 1701 Serene,
721 1634 751 1685 et
772 1633 891 1686 ceteros
913 1627 1060 1701 sapien-1

68 1708 123 1768 tiam
142 1712 306 1785 professos
328 1709 477 1770 interesse
494 1719 639 1786 quantum
653 1713 730 1770 inter
745 1711 874 1771 feminas
890 1718 920 1770 et
934 1727 1035 1771 mares

69 1809 114 1851 non
128 1793 266 1854 inmerito
284 1793 427 1868 dixerim,
452 1811 520 1854 cum
534 1802 664 1870 utraque
679 1794 766 1854 turba
782 1795 915 1854 advitae
937 1794 1035 1854 socie-

68 1883 140 1936 tatem
155 1878 345 1940 tantumdem
361 1879 512 1953 conierat,
535 1881 592 1938 sed
607 1881 702 1939 altera
717 1894 789 1952 pars
804 1879 843 1937 ad
862 1879 1035 1952 obsequen-

68 1959 137 2036 dum,
157 1963 256 2022 altera
276 1961 405 2036 imperio
421 1970 493 2022 nata
508 1963 555 2023 sit.
585 1963 676 2022 ceteri
694 1962 849 2036 sapientes
864 1962 994 2020 molliter
1008 1971 1038 2023 et

68 2041 173 2120 blande,
195 2055 232 2107 ut
247 2047 311 2105 lere
327 2045 487 2106 domestici
503 2054 533 2106 et
547 2047 710 2106 familiares
726 2045 836 2105 medici
851 2045 953 2119 aegris
969 2061 1036 2104 cor-

69 2129 175 2198 poribus
198 2146 264 2189 non
288 2146 349 2204 qua
370 2131 516 2204 optimum
537 2138 568 2190 et
589 2129 779 2190 celerrimum
801 2135 849 2189 est
868 2130 1035 2203 medentur,

69 2213 112 2270 sed
124 2231 180 2288 qna
193 2215 281 2274 licet:
297 2213 392 2273 Stoici
407 2213 523 2274 virilem
539 2214 670 2288 ingressi
683 2215 770 2286 viam,
787 2231 848 2274 non
863 2221 896 2275 ut
908 2229 1037 2274 amoena

68 2293 222 2358 ineuntibus
246 2298 400 2368 videatur,
424 2315 517 2357 curae
537 2297 664 2372 habent,
687 2298 743 2357 sed
765 2305 798 2358 ut
813 2299 1037 2374 quamprimum

69 2393 114 2438 nos
129 2381 237 2456 eripiat
251 2389 281 2440 et
301 2382 331 2440 in
348 2381 431 2441 illum
447 2382 561 2442 editum
576 2382 720 2440 verticem
736 2381 861 2456 educat,
885 2382 936 2456 qui
957 2381 1036 2440 adeo

69 2470 139 2523 entra
151 2481 273 2525 omnem
288 2465 339 2524 teli
354 2467 465 2526 iactum
480 2467 626 2538 surrexit,
642 2473 781 2540 utsupra
796 2467 946 2526 fortunam
964 2465 1036 2522 emi-

71 2555 133 2604 neat.
152 2549 332 2629 „Atardua
353 2565 409 2624 per
431 2567 510 2624 quac
526 2565 673 2609 vocamur
689 2557 718 2608 et
733 2551 919 2622 confragosa
938 2547 1067 2606 sunt.“i

71 2625 130 2696 Quid
145 2634 245 2692 enim?
266 2635 359 2706 plano
379 2633 477 2693 aditur
492 2636 673 2693 excelsum?
693 2633 750 2691 sed
771 2647 810 2689 ne
831 2637 891 2689 tam
910 2631 1038 2704 alirupta

72 2713 175 2783 quidem
196 2724 283 2788 sunt,
308 2733 398 2791 quam
421 2717 545 2792 quidam
565 2723 681 2792 putant.
709 2715 808 2789 prima
830 2722 943 2774 tantum
964 2731 1036 2788 pars

73 2810 132 2856 saxa
144 2816 302 2876 rupesque
317 2799 409 2860 habet
431 2809 460 2861 et
480 2801 552 2860 invii
568 2800 719 2876 speciem,
741 2799 820 2858 sieut
836 2799 982 2874 pleraque
998 2815 1037 2858 ex

72 2879 218 2960 longmquo
235 2884 465 2959 speculantibus
481 2885 605 2945 abscisa
620 2892 651 2943 et
666 2899 806 2943 connexa
818 2883 914 2942 videri
927 2883 1037 2954 solent,

72 2976 124 3022 cum
134 2969 227 3028 aciem
240 2968 449 3044 longinquitas
465 2969 557 3028 sallat.
582 2967 694 3028 deinde
710 2968 838 3042 propius
853 2967 1036 3026 adeuntibus

71 3049 160 3108 endem
179 3053 244 3125 illa,
275 3069 355 3125 quae
374 3054 403 3111 in
425 3068 520 3112 unum
541 3059 741 3125 congesserat
762 3067 848 3110 error
869 3051 1035 3122 oculorum,

72 3132 194 3199 paulatim
207 3135 434 3209 adaperiuntur.
458 3143 520 3195 tum
537 3136 595 3195 illis
609 3151 688 3210 quae
700 3134 877 3210 praecipitia
892 3149 930 3192 ex
945 3133 1035 3194 inter-

72 3215 134 3274 vallo
148 3217 351 3293 adparabant,
373 3220 541 3279 reditlene
564 3219 725 3294 fastigium.
755 3219 858 3292 Nuper
874 3234 941 3278 cum
964 3217 1066 3276 inci-3

72 3294 150 3359 disset
162 3303 274 3362 mentio
285 3303 325 3361 llll.
339 3303 476 3375 Catonis,
493 3302 617 3376 indigne
633 3303 769 3376 serebas,
786 3301 864 3363 sicut
878 3318 912 3361 es
927 3300 1036 3376 iniqui-

73 3381 124 3442 tatis
138 3386 303 3460 inpatienS,
322 3387 404 3461 quod
417 3387 560 3446 Catonern
577 3393 660 3446 aetas
677 3404 734 3446 sua
747 3402 854 3460 parum
870 3386 1036 3444 intellexis·
1061 3402 1064 3407 ·

31 3485 32 3492 ¹
72 3473 118 3537 set,
139 3470 221 3542 quod
243 3487 336 3544 supra
357 3471 519 3545 Pompeios
542 3477 572 3528 et
592 3469 739 3528 Caesares
763 3476 937 3542 surgentem
957 3468 1037 3524 inira

72 3545 192 3612 Vatinios
208 3554 374 3626 posuisset.
404 3563 433 3614 ct
453 3553 507 3612 titi
522 3551 679 3626 indignum
695 3551 870 3625 videbatur,
894 3547 978 3621 quod
994 3545 1035 3603 illl

102 3649 195 3694 seneca
209 3656 278 3692 arrrr.
293 3641 314 3692 l.
812 3643 829 3690 2
