<?xml version="1.0" encoding="UTF-8"?>
<!DOCTYPE html PUBLIC "-//W3C//DTD XHTML 1.0 Transitional//EN"
    "http://www.w3.org/TR/xhtml1/DTD/xhtml1-transitional.dtd">
<html xmlns="http://www.w3.org/1999/xhtml" xml:lang="en" lang="en">
 <head>
  <title>
</title>
<meta http-equiv="Content-Type" content="text/html;charset=utf-8" />
  <meta name='ocr-system' content='tesseract 3.04.00' />
  <meta name='ocr-capabilities' content='ocr_page ocr_carea ocr_par ocr_line ocrx_word'/>
</head>
<body>
  <div class='ocr_page' id='page_1' title='image "./operaquaesupers00senegoog_0093.png"; bbox 0 0 2528 3906; ppageno 0'>
   <div class='ocr_carea' id='block_1_1' title="bbox 187 233 881 306">
    <p class='ocr_par' dir='ltr' id='par_1_1' title="bbox 187 233 881 306">
     <span class='ocr_line' id='line_1_1' title="bbox 187 233 881 306; baseline -0.003 -10"><span class='ocrx_word' id='word_1_1' title='bbox 187 241 230 306; x_wconf 81' lang='grc'>80</span> <span class='ocrx_word' id='word_1_2' title='bbox 481 237 513 296; x_wconf 90' lang='lat' dir='ltr'>L.</span> <span class='ocrx_word' id='word_1_3' title='bbox 535 235 683 296; x_wconf 86' lang='lat' dir='ltr'>ANNAEI</span> <span class='ocrx_word' id='word_1_4' title='bbox 705 233 881 294; x_wconf 83' lang='lat' dir='ltr'>SENECAE</span> 
     </span>
    </p>
   </div>
   <div class='ocr_carea' id='block_1_2' title="bbox 75 385 1259 3480">
    <p class='ocr_par' dir='ltr' id='par_1_2' title="bbox 75 385 1259 3480">
     <span class='ocr_line' id='line_1_2' title="bbox 148 385 1171 470; baseline -0.002 -17"><span class='ocrx_word' id='word_1_5' title='bbox 148 419 149 424; x_wconf 42' lang='lat'>¹</span> <span class='ocrx_word' id='word_1_6' title='bbox 191 392 313 470; x_wconf 91' lang='lat' dir='ltr'>quaudo</span> <span class='ocrx_word' id='word_1_7' title='bbox 334 391 434 466; x_wconf 89' lang='lat' dir='ltr'>palam</span> <span class='ocrx_word' id='word_1_8' title='bbox 459 394 625 464; x_wconf 89' lang='lat' dir='ltr'>aperteque</span> <span class='ocrx_word' id='word_1_9' title='bbox 650 385 821 446; x_wconf 87' lang='lat' dir='ltr'>laciendum</span> <span class='ocrx_word' id='word_1_10' title='bbox 845 393 907 460; x_wconf 88' lang='lat' dir='ltr'>est,</span> <span class='ocrx_word' id='word_1_11' title='bbox 927 386 978 446; x_wconf 89' lang='lat' dir='ltr'>ubi</span> <span class='ocrx_word' id='word_1_12' title='bbox 1001 385 1100 449; x_wconf 84' lang='lat' dir='ltr'>minor</span> <span class='ocrx_word' id='word_1_13' title='bbox 1122 389 1171 451; x_wconf 74' lang='lat' dir='ltr'>tis</span> 
     </span>
     <span class='ocr_line' id='line_1_3' title="bbox 190 469 1174 550; baseline -0.004 -13"><span class='ocrx_word' id='word_1_14' title='bbox 190 477 260 538; x_wconf 92' lang='lat' dir='ltr'>mali</span> <span class='ocrx_word' id='word_1_15' title='bbox 283 479 407 550; x_wconf 90' lang='lat' dir='ltr'>patitur,</span> <span class='ocrx_word' id='word_1_16' title='bbox 433 472 598 546; x_wconf 87' lang='lat' dir='ltr'>aliquando</span> <span class='ocrx_word' id='word_1_17' title='bbox 626 486 665 530; x_wconf 87' lang='lat' dir='ltr'>ex</span> <span class='ocrx_word' id='word_1_18' title='bbox 693 470 827 544; x_wconf 87' lang='lat' dir='ltr'>occulto,</span> <span class='ocrx_word' id='word_1_19' title='bbox 856 470 908 530; x_wconf 94' lang='lat' dir='ltr'>ubi</span> <span class='ocrx_word' id='word_1_20' title='bbox 934 469 1058 530; x_wconf 92' lang='lat' dir='ltr'>nimium</span> <span class='ocrx_word' id='word_1_21' title='bbox 1085 473 1174 534; x_wconf 89' lang='lat' dir='ltr'>ardet</span> 
     </span>
     <span class='ocr_line' id='line_1_4' title="bbox 191 554 1173 635; baseline -0.008 -13"><span class='ocrx_word' id='word_1_22' title='bbox 191 559 333 635; x_wconf 92' lang='lat' dir='ltr'>omnique</span> <span class='ocrx_word' id='word_1_23' title='bbox 348 556 554 632; x_wconf 82' lang='lat' dir='ltr'>inpedimento</span> <span class='ocrx_word' id='word_1_24' title='bbox 566 561 766 629; x_wconf 73' lang='lat' dir='ltr'>exasperatur</span> <span class='ocrx_word' id='word_1_25' title='bbox 778 561 807 614; x_wconf 89' lang='lat' dir='ltr'>et</span> <span class='ocrx_word' id='word_1_26' title='bbox 819 554 938 614; x_wconf 88' lang='lat' dir='ltr'>crescit.</span> <span class='ocrx_word' id='word_1_27' title='bbox 960 555 1062 616; x_wconf 81' lang='lat' dir='ltr'><strong>Refert</strong></span> <span class='ocrx_word' id='word_1_28' title='bbox 1074 572 1173 629; x_wconf 91' lang='lat' dir='ltr'>quan-</span> 
     </span>
     <span class='ocr_line' id='line_1_5' title="bbox 189 637 1174 716; baseline -0.008 -10"><span class='ocrx_word' id='word_1_29' title='bbox 189 652 237 706; x_wconf 83' lang='lat' dir='ltr'>tas</span> <span class='ocrx_word' id='word_1_30' title='bbox 254 642 335 702; x_wconf 87' lang='lat' dir='ltr'>vires</span> <span class='ocrx_word' id='word_1_31' title='bbox 351 654 506 716; x_wconf 91' lang='lat' dir='ltr'>quamque</span> <span class='ocrx_word' id='word_1_32' title='bbox 526 639 660 713; x_wconf 90' lang='lat' dir='ltr'>integras</span> <span class='ocrx_word' id='word_1_33' title='bbox 676 637 800 711; x_wconf 89' lang='lat' dir='ltr'>habeat,</span> <span class='ocrx_word' id='word_1_34' title='bbox 823 643 964 698; x_wconf 89' lang='lat' dir='ltr'>utrumne</span> <span class='ocrx_word' id='word_1_35' title='bbox 978 639 1174 700; x_wconf 76' lang='lat' dir='ltr'>verberando</span> 
     </span>
     <span class='ocr_line' id='line_1_6' title="bbox 189 720 1175 801; baseline -0.006 -13"><span class='ocrx_word' id='word_1_36' title='bbox 189 735 219 789; x_wconf 89' lang='lat' dir='ltr'>et</span> <span class='ocrx_word' id='word_1_37' title='bbox 240 726 358 801; x_wconf 85' lang='lat' dir='ltr'>agenda</span> <span class='ocrx_word' id='word_1_38' title='bbox 379 730 460 783; x_wconf 89' lang='lat' dir='ltr'>retro</span> <span class='ocrx_word' id='word_1_39' title='bbox 477 723 517 782; x_wconf 87' lang='lat' dir='ltr'>sit</span> <span class='ocrx_word' id='word_1_40' title='bbox 536 739 574 782; x_wconf 93' lang='lat' dir='ltr'>an</span> <span class='ocrx_word' id='word_1_41' title='bbox 591 723 701 782; x_wconf 82' lang='lat' dir='ltr'>cedere</span> <span class='ocrx_word' id='word_1_42' title='bbox 717 721 745 780; x_wconf 91' lang='lat' dir='ltr'>ei</span> <span class='ocrx_word' id='word_1_43' title='bbox 764 720 947 794; x_wconf 79' lang='lat' dir='ltr'>debeamus,</span> <span class='ocrx_word' id='word_1_44' title='bbox 968 722 1039 781; x_wconf 92' lang='lat' dir='ltr'>dum</span> <span class='ocrx_word' id='word_1_45' title='bbox 1056 730 1175 798; x_wconf 89' lang='lat' dir='ltr'>tempe·</span> 
     </span>
     <span class='ocr_line' id='line_1_7' title="bbox 162 804 1172 885; baseline -0.008 -11"><span class='ocrx_word' id='word_1_46' title='bbox 162 819 253 874; x_wconf 75' lang='lat' dir='ltr'>tstas</span> <span class='ocrx_word' id='word_1_47' title='bbox 269 811 366 885; x_wconf 91' lang='lat' dir='ltr'>prima</span> <span class='ocrx_word' id='word_1_48' title='bbox 384 804 536 878; x_wconf 88' lang='lat' dir='ltr'>desaevit,</span> <span class='ocrx_word' id='word_1_49' title='bbox 558 821 597 865; x_wconf 90' lang='lat' dir='ltr'>ne</span> <span class='ocrx_word' id='word_1_50' title='bbox 613 805 748 864; x_wconf 91' lang='lat' dir='ltr'>remedia</span> <span class='ocrx_word' id='word_1_51' title='bbox 769 805 838 879; x_wconf 91' lang='lat' dir='ltr'>ipsa</span> <span class='ocrx_word' id='word_1_52' title='bbox 853 821 958 865; x_wconf 87' lang='lat' dir='ltr'>seeum</span> <span class='ocrx_word' id='word_1_53' title='bbox 979 805 1064 865; x_wconf 88' lang='lat' dir='ltr'>ierat.</span> <span class='ocrx_word' id='word_1_54' title='bbox 1093 806 1172 866; x_wconf 90' lang='lat' dir='ltr'>Con-</span> 
     </span>
     <span class='ocr_line' id='line_1_8' title="bbox 191 886 1173 968; baseline -0.005 -13"><span class='ocrx_word' id='word_1_55' title='bbox 191 896 290 956; x_wconf 88' lang='lat' dir='ltr'>silium</span> <span class='ocrx_word' id='word_1_56' title='bbox 313 907 368 968; x_wconf 90' lang='lat' dir='ltr'>pro</span> <span class='ocrx_word' id='word_1_57' title='bbox 385 891 522 951; x_wconf 90' lang='lat' dir='ltr'>moribus</span> <span class='ocrx_word' id='word_1_58' title='bbox 545 890 696 964; x_wconf 88' lang='lat' dir='ltr'>cuiusque</span> <span class='ocrx_word' id='word_1_59' title='bbox 717 886 900 963; x_wconf 91' lang='lat' dir='ltr'>capiendum</span> <span class='ocrx_word' id='word_1_60' title='bbox 920 887 985 948; x_wconf 92' lang='lat' dir='ltr'>erit.</span> <span class='ocrx_word' id='word_1_61' title='bbox 1018 890 1173 964; x_wconf 88' lang='lat' dir='ltr'>quosdam</span> 
     </span>
     <span class='ocr_line' id='line_1_9' title="bbox 191 970 1171 1052; baseline -0.005 -14"><span class='ocrx_word' id='word_1_62' title='bbox 191 977 270 1038; x_wconf 89' lang='lat' dir='ltr'>enim</span> <span class='ocrx_word' id='word_1_63' title='bbox 291 991 400 1052; x_wconf 85' lang='lat' dir='ltr'>preces</span> <span class='ocrx_word' id='word_1_64' title='bbox 424 975 556 1036; x_wconf 90' lang='lat' dir='ltr'>vincunt.</span> <span class='ocrx_word' id='word_1_65' title='bbox 591 972 715 1048; x_wconf 88' lang='lat' dir='ltr'>quidam</span> <span class='ocrx_word' id='word_1_66' title='bbox 736 970 883 1032; x_wconf 91' lang='lat' dir='ltr'>insultant</span> <span class='ocrx_word' id='word_1_67' title='bbox 901 973 1077 1050; x_wconf 81' lang='lat' dir='ltr'>instantque</span> <span class='ocrx_word' id='word_1_68' title='bbox 1098 973 1171 1033; x_wconf 90' lang='lat' dir='ltr'>sub-</span> 
     </span>
     <span class='ocr_line' id='line_1_10' title="bbox 189 1056 1172 1134; baseline -0.004 -13"><span class='ocrx_word' id='word_1_69' title='bbox 189 1060 303 1122; x_wconf 87' lang='lat' dir='ltr'>missis.</span> <span class='ocrx_word' id='word_1_70' title='bbox 333 1059 485 1134; x_wconf 89' lang='lat' dir='ltr'>quosdam</span> <span class='ocrx_word' id='word_1_71' title='bbox 502 1057 644 1118; x_wconf 87' lang='lat' dir='ltr'>terrendo</span> <span class='ocrx_word' id='word_1_72' title='bbox 660 1056 859 1132; x_wconf 89' lang='lat' dir='ltr'>placabimus.</span> <span class='ocrx_word' id='word_1_73' title='bbox 894 1056 972 1116; x_wconf 91' lang='lat' dir='ltr'>alios</span> <span class='ocrx_word' id='word_1_74' title='bbox 990 1057 1172 1134; x_wconf 88' lang='lat' dir='ltr'>obiurgatio,</span> 
     </span>
     <span class='ocr_line' id='line_1_11' title="bbox 190 1140 1172 1216; baseline -0.005 -11"><span class='ocrx_word' id='word_1_75' title='bbox 190 1145 266 1205; x_wconf 91' lang='lat' dir='ltr'>alios</span> <span class='ocrx_word' id='word_1_76' title='bbox 289 1143 460 1216; x_wconf 81' lang='lat' dir='ltr'>consessio,</span> <span class='ocrx_word' id='word_1_77' title='bbox 485 1141 562 1202; x_wconf 93' lang='lat' dir='ltr'>alios</span> <span class='ocrx_word' id='word_1_78' title='bbox 584 1141 684 1216; x_wconf 90' lang='lat' dir='ltr'>pudor</span> <span class='ocrx_word' id='word_1_79' title='bbox 703 1147 813 1215; x_wconf 87' lang='lat' dir='ltr'>coepto</span> <span class='ocrx_word' id='word_1_80' title='bbox 834 1140 958 1213; x_wconf 89' lang='lat' dir='ltr'>deiecit,</span> <span class='ocrx_word' id='word_1_81' title='bbox 979 1140 1056 1200; x_wconf 89' lang='lat' dir='ltr'>alios</span> <span class='ocrx_word' id='word_1_82' title='bbox 1075 1147 1172 1214; x_wconf 76' lang='lat' dir='ltr'>mo&#39;ra,</span> 
     </span>
     <span class='ocr_line' id='line_1_12' title="bbox 189 1218 1173 1303; baseline -0.004 -15"><span class='ocrx_word' id='word_1_83' title='bbox 189 1232 301 1288; x_wconf 89' lang='lat' dir='ltr'>lentum</span> <span class='ocrx_word' id='word_1_84' title='bbox 316 1225 492 1303; x_wconf 88' lang='lat' dir='ltr'>praecipitis</span> <span class='ocrx_word' id='word_1_85' title='bbox 507 1226 575 1284; x_wconf 93' lang='lat' dir='ltr'>mali</span> <span class='ocrx_word' id='word_1_86' title='bbox 590 1224 770 1295; x_wconf 88' lang='lat' dir='ltr'>remedium,</span> <span class='ocrx_word' id='word_1_87' title='bbox 784 1224 823 1284; x_wconf 89' lang='lat' dir='ltr'>ad</span> <span class='ocrx_word' id='word_1_88' title='bbox 838 1224 922 1300; x_wconf 93' lang='lat' dir='ltr'>quod</span> <span class='ocrx_word' id='word_1_89' title='bbox 936 1218 1104 1285; x_wconf 87' lang='lat' dir='ltr'>novissime</span> <span class='ocrx_word' id='word_1_90' title='bbox 1118 1225 1173 1284; x_wconf 92' lang='lat' dir='ltr'>de-</span> 
     </span>
     <span class='ocr_line' id='line_1_13' title="bbox 161 1307 1173 1378; baseline -0.01 0"><span class='ocrx_word' id='word_1_91' title='bbox 161 1311 400 1378; x_wconf 70' lang='lat' dir='ltr'>sscendendum</span> <span class='ocrx_word' id='word_1_92' title='bbox 422 1316 478 1369; x_wconf 92' lang='lat' dir='ltr'>est.</span> <span class='ocrx_word' id='word_1_93' title='bbox 515 1309 611 1369; x_wconf 87' lang='lat' dir='ltr'>Ceteri</span> <span class='ocrx_word' id='word_1_94' title='bbox 637 1308 716 1368; x_wconf 89' lang='lat' dir='ltr'>enim</span> <span class='ocrx_word' id='word_1_95' title='bbox 739 1307 878 1368; x_wconf 87' lang='lat' dir='ltr'>adtectus</span> <span class='ocrx_word' id='word_1_96' title='bbox 899 1307 1074 1368; x_wconf 88' lang='lat' dir='ltr'>dilationem</span> <span class='ocrx_word' id='word_1_97' title='bbox 1094 1309 1173 1368; x_wconf 88' lang='lat' dir='ltr'>reci-</span> 
     </span>
     <span class='ocr_line' id='line_1_14' title="bbox 190 1389 1175 1472; baseline -0.004 -16"><span class='ocrx_word' id='word_1_98' title='bbox 190 1397 277 1472; x_wconf 89' lang='lat' dir='ltr'>piunt</span> <span class='ocrx_word' id='word_1_99' title='bbox 292 1401 322 1455; x_wconf 86' lang='lat' dir='ltr'>et</span> <span class='ocrx_word' id='word_1_100' title='bbox 342 1393 441 1454; x_wconf 89' lang='lat' dir='ltr'>curari</span> <span class='ocrx_word' id='word_1_101' title='bbox 456 1393 572 1454; x_wconf 91' lang='lat' dir='ltr'>tardius</span> <span class='ocrx_word' id='word_1_102' title='bbox 590 1400 736 1468; x_wconf 81' lang='lat' dir='ltr'>possunt:</span> <span class='ocrx_word' id='word_1_103' title='bbox 759 1391 849 1451; x_wconf 90' lang='lat' dir='ltr'>huius</span> <span class='ocrx_word' id='word_1_104' title='bbox 870 1389 993 1453; x_wconf 88' lang='lat' dir='ltr'>incitata</span> <span class='ocrx_word' id='word_1_105' title='bbox 1007 1399 1036 1453; x_wconf 90' lang='lat' dir='ltr'>et</span> <span class='ocrx_word' id='word_1_106' title='bbox 1051 1408 1086 1453; x_wconf 91' lang='lat' dir='ltr'>sc</span> <span class='ocrx_word' id='word_1_107' title='bbox 1102 1393 1175 1466; x_wconf 89' lang='lat' dir='ltr'>ipsa</span> 
     </span>
     <span class='ocr_line' id='line_1_15' title="bbox 188 1475 1174 1555; baseline -0.005 -15"><span class='ocrx_word' id='word_1_108' title='bbox 188 1481 314 1555; x_wconf 86' lang='lat' dir='ltr'>rapiens</span> <span class='ocrx_word' id='word_1_109' title='bbox 329 1478 473 1538; x_wconf 87' lang='lat' dir='ltr'>violentia</span> <span class='ocrx_word' id='word_1_110' title='bbox 487 1493 548 1537; x_wconf 93' lang='lat' dir='ltr'>uon</span> <span class='ocrx_word' id='word_1_111' title='bbox 565 1475 709 1551; x_wconf 88' lang='lat' dir='ltr'>paulatim</span> <span class='ocrx_word' id='word_1_112' title='bbox 725 1475 876 1550; x_wconf 84' lang='lat' dir='ltr'>procedit,</span> <span class='ocrx_word' id='word_1_113' title='bbox 900 1476 956 1535; x_wconf 91' lang='lat' dir='ltr'>scd</span> <span class='ocrx_word' id='word_1_114' title='bbox 971 1475 1043 1535; x_wconf 91' lang='lat' dir='ltr'>dum</span> <span class='ocrx_word' id='word_1_115' title='bbox 1057 1476 1174 1552; x_wconf 81' lang='lat' dir='ltr'>incipit,</span> 
     </span>
     <span class='ocr_line' id='line_1_16' title="bbox 189 1557 1176 1634; baseline -0.006 -9"><span class='ocrx_word' id='word_1_116' title='bbox 189 1571 253 1626; x_wconf 88' lang='lat' dir='ltr'>tota</span> <span class='ocrx_word' id='word_1_117' title='bbox 269 1569 326 1624; x_wconf 90' lang='lat' dir='ltr'>est.</span> <span class='ocrx_word' id='word_1_118' title='bbox 349 1577 406 1620; x_wconf 88' lang='lat' dir='ltr'>nec</span> <span class='ocrx_word' id='word_1_119' title='bbox 418 1559 547 1620; x_wconf 90' lang='lat' dir='ltr'>aliorum</span> <span class='ocrx_word' id='word_1_120' title='bbox 563 1575 649 1619; x_wconf 89' lang='lat' dir='ltr'>more</span> <span class='ocrx_word' id='word_1_121' title='bbox 660 1557 800 1620; x_wconf 88' lang='lat' dir='ltr'>vitiorum</span> <span class='ocrx_word' id='word_1_122' title='bbox 815 1559 958 1620; x_wconf 86' lang='lat' dir='ltr'>sollicitat</span> <span class='ocrx_word' id='word_1_123' title='bbox 972 1559 1100 1634; x_wconf 93' lang='lat' dir='ltr'>animos,</span> <span class='ocrx_word' id='word_1_124' title='bbox 1115 1561 1176 1620; x_wconf 89' lang='lat' dir='ltr'>sed</span> 
     </span>
     <span class='ocr_line' id='line_1_17' title="bbox 190 1643 1259 1718; baseline -0.003 -13"><span class='ocrx_word' id='word_1_125' title='bbox 190 1646 313 1706; x_wconf 89' lang='lat' dir='ltr'>abducit</span> <span class='ocrx_word' id='word_1_126' title='bbox 329 1652 359 1704; x_wconf 91' lang='lat' dir='ltr'>et</span> <span class='ocrx_word' id='word_1_127' title='bbox 379 1643 553 1718; x_wconf 76' lang='lat' dir='ltr'>inpotentes</span> <span class='ocrx_word' id='word_1_128' title='bbox 570 1643 618 1704; x_wconf 91' lang='lat' dir='ltr'>sui</span> <span class='ocrx_word' id='word_1_129' title='bbox 637 1643 831 1718; x_wconf 90' lang='lat' dir='ltr'>cupidosque</span> <span class='ocrx_word' id='word_1_130' title='bbox 847 1643 897 1702; x_wconf 88' lang='lat' dir='ltr'>vel</span> <span class='ocrx_word' id='word_1_131' title='bbox 915 1644 1085 1704; x_wconf 84' lang='lat' dir='ltr'>communis</span> <span class='ocrx_word' id='word_1_132' title='bbox 1102 1643 1176 1704; x_wconf 92' lang='lat' dir='ltr'>mali</span> <span class='ocrx_word' id='word_1_133' title='bbox 1258 1671 1259 1696; x_wconf 66' lang='lat'>2</span> 
     </span>
     <span class='ocr_line' id='line_1_18' title="bbox 190 1726 1259 1804; baseline 0 -16"><span class='ocrx_word' id='word_1_134' title='bbox 190 1729 337 1804; x_wconf 90' lang='lat' dir='ltr'>exagitat,</span> <span class='ocrx_word' id='word_1_135' title='bbox 355 1743 412 1786; x_wconf 90' lang='lat' dir='ltr'>nec</span> <span class='ocrx_word' id='word_1_136' title='bbox 429 1727 457 1786; x_wconf 89' lang='lat' dir='ltr'>iu</span> <span class='ocrx_word' id='word_1_137' title='bbox 473 1742 510 1787; x_wconf 92' lang='lat' dir='ltr'>ea</span> <span class='ocrx_word' id='word_1_138' title='bbox 529 1734 641 1788; x_wconf 90' lang='lat' dir='ltr'>tantum</span> <span class='ocrx_word' id='word_1_139' title='bbox 656 1726 687 1785; x_wconf 95' lang='lat' dir='ltr'>in</span> <span class='ocrx_word' id='word_1_140' title='bbox 705 1741 784 1801; x_wconf 88' lang='lat' dir='ltr'>quae</span> <span class='ocrx_word' id='word_1_141' title='bbox 800 1727 977 1800; x_wconf 88' lang='lat' dir='ltr'>destinavit,</span> <span class='ocrx_word' id='word_1_142' title='bbox 999 1729 1055 1788; x_wconf 91' lang='lat' dir='ltr'>sed</span> <span class='ocrx_word' id='word_1_143' title='bbox 1071 1728 1100 1787; x_wconf 95' lang='lat' dir='ltr'>in</span> <span class='ocrx_word' id='word_1_144' title='bbox 1120 1745 1175 1790; x_wconf 93' lang='lat' dir='ltr'>oc·</span> <span class='ocrx_word' id='word_1_145' title='bbox 1258 1735 1259 1762; x_wconf 50' lang='lat' dir='ltr'>l</span> 
     </span>
     <span class='ocr_line' id='line_1_19' title="bbox 162 1809 1176 1886; baseline 0.001 -16"><span class='ocrx_word' id='word_1_146' title='bbox 162 1813 341 1873; x_wconf 81' lang='lat' dir='ltr'>tourrentia</span> <span class='ocrx_word' id='word_1_147' title='bbox 364 1811 461 1872; x_wconf 92' lang='lat' dir='ltr'>obiter</span> <span class='ocrx_word' id='word_1_148' title='bbox 483 1811 561 1872; x_wconf 90' lang='lat' dir='ltr'>lurit.</span> <span class='ocrx_word' id='word_1_149' title='bbox 590 1810 695 1870; x_wconf 87' lang='lat' dir='ltr'>Cetera</span> <span class='ocrx_word' id='word_1_150' title='bbox 710 1809 780 1870; x_wconf 87' lang='lat' dir='ltr'>vitia</span> <span class='ocrx_word' id='word_1_151' title='bbox 802 1809 949 1886; x_wconf 89' lang='lat' dir='ltr'>inpellunt</span> <span class='ocrx_word' id='word_1_152' title='bbox 970 1809 1104 1872; x_wconf 82' lang='lat' dir='ltr'>animos:</span> <span class='ocrx_word' id='word_1_153' title='bbox 1127 1813 1176 1874; x_wconf 85' lang='lat' dir='ltr'>ira</span> 
     </span>
     <span class='ocr_line' id='line_1_20' title="bbox 75 1891 1175 1972; baseline 0 -17"><span class='ocrx_word' id='word_1_154' title='bbox 75 1891 81 1898; x_wconf 72' lang='grc'><strong>’</strong></span> <span class='ocrx_word' id='word_1_155' title='bbox 191 1895 379 1972; x_wconf 89' lang='lat' dir='ltr'>praecipitat.</span> <span class='ocrx_word' id='word_1_156' title='bbox 407 1896 497 1955; x_wconf 92' lang='lat' dir='ltr'>etiam</span> <span class='ocrx_word' id='word_1_157' title='bbox 519 1895 546 1954; x_wconf 93' lang='lat' dir='ltr'>si</span> <span class='ocrx_word' id='word_1_158' title='bbox 566 1895 711 1955; x_wconf 88' lang='lat' dir='ltr'>resistere</span> <span class='ocrx_word' id='word_1_159' title='bbox 732 1901 839 1956; x_wconf 93' lang='lat' dir='ltr'>eontra</span> <span class='ocrx_word' id='word_1_160' title='bbox 859 1895 997 1955; x_wconf 87' lang='lat' dir='ltr'>adlectus</span> <span class='ocrx_word' id='word_1_161' title='bbox 1018 1912 1092 1956; x_wconf 90' lang='lat' dir='ltr'>suos</span> <span class='ocrx_word' id='word_1_162' title='bbox 1110 1912 1175 1957; x_wconf 90' lang='lat' dir='ltr'>non</span> 
     </span>
     <span class='ocr_line' id='line_1_21' title="bbox 189 1977 1175 2054; baseline 0.002 -16"><span class='ocrx_word' id='word_1_163' title='bbox 189 1980 274 2054; x_wconf 89' lang='lat' dir='ltr'>licet,</span> <span class='ocrx_word' id='word_1_164' title='bbox 291 1987 322 2040; x_wconf 93' lang='lat' dir='ltr'>at</span> <span class='ocrx_word' id='word_1_165' title='bbox 336 1987 418 2040; x_wconf 86' lang='lat' dir='ltr'>certe</span> <span class='ocrx_word' id='word_1_166' title='bbox 433 1977 605 2039; x_wconf 81' lang='lat' dir='ltr'>adfectibus</span> <span class='ocrx_word' id='word_1_167' title='bbox 619 1979 695 2054; x_wconf 92' lang='lat' dir='ltr'>ipsis</span> <span class='ocrx_word' id='word_1_168' title='bbox 710 1979 780 2038; x_wconf 89' lang='lat' dir='ltr'>licet</span> <span class='ocrx_word' id='word_1_169' title='bbox 796 1985 893 2039; x_wconf 82' lang='lat' dir='ltr'>stare:</span> <span class='ocrx_word' id='word_1_170' title='bbox 909 1978 1061 2039; x_wconf 87' lang='lat' dir='ltr'>haec‘non</span> <span class='ocrx_word' id='word_1_171' title='bbox 1078 1995 1175 2040; x_wconf 88' lang='lat' dir='ltr'>secus</span> 
     </span>
     <span class='ocr_line' id='line_1_22' title="bbox 191 2063 1177 2138; baseline 0.001 -15"><span class='ocrx_word' id='word_1_172' title='bbox 191 2080 282 2138; x_wconf 90' lang='lat' dir='ltr'>quam</span> <span class='ocrx_word' id='word_1_173' title='bbox 308 2064 433 2124; x_wconf 79' lang='lat' dir='ltr'>fulmina</span> <span class='ocrx_word' id='word_1_174' title='bbox 459 2063 676 2137; x_wconf 80' lang='lat' dir='ltr'>procellaeque</span> <span class='ocrx_word' id='word_1_175' title='bbox 696 2070 726 2122; x_wconf 90' lang='lat' dir='ltr'>et</span> <span class='ocrx_word' id='word_1_176' title='bbox 748 2063 774 2122; x_wconf 93' lang='lat' dir='ltr'>si</span> <span class='ocrx_word' id='word_1_177' title='bbox 795 2079 856 2138; x_wconf 91' lang='lat' dir='ltr'>qua</span> <span class='ocrx_word' id='word_1_178' title='bbox 875 2063 935 2122; x_wconf 92' lang='lat' dir='ltr'>alia</span> <span class='ocrx_word' id='word_1_179' title='bbox 955 2063 1177 2124; x_wconf 88' lang='lat' dir='ltr'>inrevocabilia</span> 
     </span>
     <span class='ocr_line' id='line_1_23' title="bbox 191 2145 1176 2222; baseline 0.001 -15"><span class='ocrx_word' id='word_1_180' title='bbox 191 2153 275 2218; x_wconf 90' lang='lat' dir='ltr'>sunt,</span> <span class='ocrx_word' id='word_1_181' title='bbox 290 2147 362 2220; x_wconf 86' lang='lat' dir='ltr'>quia</span> <span class='ocrx_word' id='word_1_182' title='bbox 377 2161 438 2204; x_wconf 93' lang='lat' dir='ltr'>non</span> <span class='ocrx_word' id='word_1_183' title='bbox 454 2153 539 2218; x_wconf 91' lang='lat' dir='ltr'>eunt,</span> <span class='ocrx_word' id='word_1_184' title='bbox 556 2147 612 2206; x_wconf 91' lang='lat' dir='ltr'>sed</span> <span class='ocrx_word' id='word_1_185' title='bbox 626 2145 752 2222; x_wconf 90' lang='lat' dir='ltr'>cadunt,</span> <span class='ocrx_word' id='word_1_186' title='bbox 769 2146 830 2205; x_wconf 92' lang='lat' dir='ltr'>vim</span> <span class='ocrx_word' id='word_1_187' title='bbox 845 2161 931 2205; x_wconf 93' lang='lat' dir='ltr'>suam</span> <span class='ocrx_word' id='word_1_188' title='bbox 947 2147 1043 2222; x_wconf 86' lang='lat' dir='ltr'>magis</span> <span class='ocrx_word' id='word_1_189' title='bbox 1058 2163 1095 2207; x_wconf 91' lang='lat' dir='ltr'>ac</span> <span class='ocrx_word' id='word_1_190' title='bbox 1109 2164 1176 2208; x_wconf 92' lang='lat' dir='ltr'>ma-</span> 
     </span>
     <span class='ocr_line' id='line_1_24' title="bbox 162 2229 1176 2304; baseline 0 -14"><span class='ocrx_word' id='word_1_191' title='bbox 162 2231 237 2304; x_wconf 74' lang='lat' dir='ltr'>egis</span> <span class='ocrx_word' id='word_1_192' title='bbox 258 2230 362 2290; x_wconf 89' lang='lat' dir='ltr'>tendit.</span> <span class='ocrx_word' id='word_1_193' title='bbox 399 2230 467 2290; x_wconf 81' lang='lat' dir='ltr'>Alia</span> <span class='ocrx_word' id='word_1_194' title='bbox 484 2229 556 2290; x_wconf 92' lang='lat' dir='ltr'>vitia</span> <span class='ocrx_word' id='word_1_195' title='bbox 575 2246 593 2290; x_wconf 92' lang='lat' dir='ltr'>a</span> <span class='ocrx_word' id='word_1_196' title='bbox 609 2231 742 2304; x_wconf 89' lang='lat' dir='ltr'>ratione,</span> <span class='ocrx_word' id='word_1_197' title='bbox 763 2230 822 2289; x_wconf 88' lang='lat' dir='ltr'>hoc</span> <span class='ocrx_word' id='word_1_198' title='bbox 837 2245 855 2288; x_wconf 89' lang='lat' dir='ltr'>a</span> <span class='ocrx_word' id='word_1_199' title='bbox 872 2233 1000 2290; x_wconf 90' lang='lat' dir='ltr'>sanitate</span> <span class='ocrx_word' id='word_1_200' title='bbox 1017 2231 1176 2292; x_wconf 88' lang='lat' dir='ltr'>desciscit.</span> 
     </span>
     <span class='ocr_line' id='line_1_25' title="bbox 191 2312 1258 2376; baseline 0.004 -4"><span class='ocrx_word' id='word_1_201' title='bbox 191 2314 249 2372; x_wconf 92' lang='lat' dir='ltr'>alia</span> <span class='ocrx_word' id='word_1_202' title='bbox 266 2329 414 2374; x_wconf 88' lang='lat' dir='ltr'>accessus</span> <span class='ocrx_word' id='word_1_203' title='bbox 432 2315 516 2374; x_wconf 89' lang='lat' dir='ltr'>lenes</span> <span class='ocrx_word' id='word_1_204' title='bbox 534 2312 647 2374; x_wconf 88' lang='lat' dir='ltr'>habent</span> <span class='ocrx_word' id='word_1_205' title='bbox 661 2320 690 2372; x_wconf 90' lang='lat' dir='ltr'>et</span> <span class='ocrx_word' id='word_1_206' title='bbox 704 2314 888 2373; x_wconf 88' lang='lat' dir='ltr'>incrementa</span> <span class='ocrx_word' id='word_1_207' title='bbox 905 2315 1055 2374; x_wconf 78' lang='lat' dir='ltr'>fallentia:</span> <span class='ocrx_word' id='word_1_208' title='bbox 1076 2315 1106 2374; x_wconf 92' lang='lat' dir='ltr'>in</span> <span class='ocrx_word' id='word_1_209' title='bbox 1128 2316 1178 2376; x_wconf 84' lang='lat' dir='ltr'>ira</span> <span class='ocrx_word' id='word_1_210' title='bbox 1257 2345 1258 2356; x_wconf 26' lang='grc' dir='ltr'><strong>κ</strong></span> 
     </span>
     <span class='ocr_line' id='line_1_26' title="bbox 191 2397 1177 2473; baseline 0.002 -17"><span class='ocrx_word' id='word_1_211' title='bbox 191 2397 328 2457; x_wconf 84' lang='lat' dir='ltr'>deiectus</span> <span class='ocrx_word' id='word_1_212' title='bbox 349 2397 517 2457; x_wconf 87' lang='lat' dir='ltr'>animorum</span> <span class='ocrx_word' id='word_1_213' title='bbox 534 2405 589 2457; x_wconf 87' lang='lat' dir='ltr'>est.</span> <span class='ocrx_word' id='word_1_214' title='bbox 620 2399 701 2458; x_wconf 89' lang='lat' dir='ltr'>nulla</span> <span class='ocrx_word' id='word_1_215' title='bbox 715 2398 818 2472; x_wconf 90' lang='lat' dir='ltr'>itaque</span> <span class='ocrx_word' id='word_1_216' title='bbox 833 2413 884 2458; x_wconf 87' lang='lat' dir='ltr'>res</span> <span class='ocrx_word' id='word_1_217' title='bbox 900 2397 1101 2473; x_wconf 87' lang='lat' dir='ltr'>urgetmagis</span> <span class='ocrx_word' id='word_1_218' title='bbox 1119 2399 1177 2458; x_wconf 93' lang='lat' dir='ltr'>ad-</span> 
     </span>
     <span class='ocr_line' id='line_1_27' title="bbox 191 2480 1176 2558; baseline 0.001 -19"><span class='ocrx_word' id='word_1_219' title='bbox 191 2480 285 2540; x_wconf 90' lang='lat' dir='ltr'>tonita</span> <span class='ocrx_word' id='word_1_220' title='bbox 306 2488 336 2540; x_wconf 91' lang='lat' dir='ltr'>et</span> <span class='ocrx_word' id='word_1_221' title='bbox 355 2481 385 2539; x_wconf 94' lang='lat' dir='ltr'>in</span> <span class='ocrx_word' id='word_1_222' title='bbox 403 2481 484 2540; x_wconf 89' lang='lat' dir='ltr'>vires</span> <span class='ocrx_word' id='word_1_223' title='bbox 500 2497 574 2542; x_wconf 90' lang='lat' dir='ltr'>suas</span> <span class='ocrx_word' id='word_1_224' title='bbox 596 2497 693 2556; x_wconf 90' lang='lat' dir='ltr'>prona</span> <span class='ocrx_word' id='word_1_225' title='bbox 714 2488 743 2540; x_wconf 89' lang='lat' dir='ltr'>et</span> <span class='ocrx_word' id='word_1_226' title='bbox 762 2483 829 2542; x_wconf 88' lang='lat' dir='ltr'>sive</span> <span class='ocrx_word' id='word_1_227' title='bbox 844 2481 1009 2557; x_wconf 86' lang='lat' dir='ltr'>successit,</span> <span class='ocrx_word' id='word_1_228' title='bbox 1028 2481 1176 2558; x_wconf 88' lang='lat' dir='ltr'>superba,</span> 
     </span>
     <span class='ocr_line' id='line_1_28' title="bbox 192 2565 1177 2640; baseline 0.003 -17"><span class='ocrx_word' id='word_1_229' title='bbox 192 2565 257 2624; x_wconf 89' lang='lat' dir='ltr'>sive</span> <span class='ocrx_word' id='word_1_230' title='bbox 279 2565 453 2638; x_wconf 81' lang='lat' dir='ltr'>frustratur,</span> <span class='ocrx_word' id='word_1_231' title='bbox 477 2565 594 2624; x_wconf 85' lang='lat' dir='ltr'>insana.</span> <span class='ocrx_word' id='word_1_232' title='bbox 630 2581 668 2624; x_wconf 92' lang='lat' dir='ltr'>ne</span> <span class='ocrx_word' id='word_1_233' title='bbox 689 2566 814 2640; x_wconf 86' lang='lat' dir='ltr'>repulsa</span> <span class='ocrx_word' id='word_1_234' title='bbox 841 2566 965 2640; x_wconf 91' lang='lat' dir='ltr'>quidem</span> <span class='ocrx_word' id='word_1_235' title='bbox 987 2567 1018 2625; x_wconf 95' lang='lat' dir='ltr'>in</span> <span class='ocrx_word' id='word_1_236' title='bbox 1038 2567 1177 2626; x_wconf 88' lang='lat' dir='ltr'>taedium</span> 
     </span>
     <span class='ocr_line' id='line_1_29' title="bbox 190 2648 1177 2726; baseline 0 -18"><span class='ocrx_word' id='word_1_237' title='bbox 190 2655 272 2722; x_wconf 89' lang='lat' dir='ltr'>acta,</span> <span class='ocrx_word' id='word_1_238' title='bbox 293 2649 345 2708; x_wconf 88' lang='lat' dir='ltr'>ubi</span> <span class='ocrx_word' id='word_1_239' title='bbox 367 2648 575 2708; x_wconf 83' lang='lat' dir='ltr'>adversarium</span> <span class='ocrx_word' id='word_1_240' title='bbox 591 2649 711 2709; x_wconf 80' lang='lat' dir='ltr'>fortuna</span> <span class='ocrx_word' id='word_1_241' title='bbox 725 2649 886 2726; x_wconf 56' lang='lat' dir='ltr'>subducit,</span> <span class='ocrx_word' id='word_1_242' title='bbox 904 2649 933 2707; x_wconf 92' lang='lat' dir='ltr'>in</span> <span class='ocrx_word' id='word_1_243' title='bbox 954 2665 989 2710; x_wconf 92' lang='lat' dir='ltr'>se</span> <span class='ocrx_word' id='word_1_244' title='bbox 1009 2650 1078 2724; x_wconf 89' lang='lat' dir='ltr'>ipsa</span> <span class='ocrx_word' id='word_1_245' title='bbox 1093 2666 1177 2710; x_wconf 93' lang='lat' dir='ltr'>mor-</span> 
     </span>
     <span class='ocr_line' id='line_1_30' title="bbox 191 2733 1257 2810; baseline 0.003 -19"><span class='ocrx_word' id='word_1_246' title='bbox 191 2749 244 2791; x_wconf 89' lang='lat' dir='ltr'>sus</span> <span class='ocrx_word' id='word_1_247' title='bbox 256 2749 331 2792; x_wconf 86' lang='lat' dir='ltr'>suos</span> <span class='ocrx_word' id='word_1_248' title='bbox 345 2733 443 2792; x_wconf 89' lang='lat' dir='ltr'>vertit.</span> <span class='ocrx_word' id='word_1_249' title='bbox 464 2733 526 2791; x_wconf 87' lang='lat' dir='ltr'>Nec</span> <span class='ocrx_word' id='word_1_250' title='bbox 538 2733 642 2805; x_wconf 86' lang='lat' dir='ltr'>relert,</span> <span class='ocrx_word' id='word_1_251' title='bbox 660 2740 803 2808; x_wconf 84' lang='lat' dir='ltr'>quantum</span> <span class='ocrx_word' id='word_1_252' title='bbox 816 2733 855 2792; x_wconf 91' lang='lat' dir='ltr'>sit</span> <span class='ocrx_word' id='word_1_253' title='bbox 869 2748 908 2792; x_wconf 88' lang='lat' dir='ltr'>ex</span> <span class='ocrx_word' id='word_1_254' title='bbox 921 2749 982 2808; x_wconf 91' lang='lat' dir='ltr'>quo</span> <span class='ocrx_word' id='word_1_255' title='bbox 996 2735 1177 2795; x_wconf 88' lang='lat' dir='ltr'>surrexerit.</span> <span class='ocrx_word' id='word_1_256' title='bbox 1256 2765 1257 2810; x_wconf 50' lang='lat' dir='ltr'>q</span> 
     </span>
     <span class='ocr_line' id='line_1_31' title="bbox 190 2815 827 2876; baseline 0.005 -4"><span class='ocrx_word' id='word_1_257' title='bbox 190 2830 229 2873; x_wconf 89' lang='lat' dir='ltr'>ex</span> <span class='ocrx_word' id='word_1_258' title='bbox 246 2815 410 2874; x_wconf 91' lang='lat' dir='ltr'>levissimis</span> <span class='ocrx_word' id='word_1_259' title='bbox 428 2816 506 2874; x_wconf 90' lang='lat' dir='ltr'>enim</span> <span class='ocrx_word' id='word_1_260' title='bbox 524 2816 553 2874; x_wconf 96' lang='lat' dir='ltr'>in</span> <span class='ocrx_word' id='word_1_261' title='bbox 570 2815 702 2874; x_wconf 89' lang='lat' dir='ltr'>maxima</span> <span class='ocrx_word' id='word_1_262' title='bbox 717 2816 827 2876; x_wconf 83' lang='lat' dir='ltr'>evadit</span> 
     </span>
     <span class='ocr_line' id='line_1_32' title="bbox 160 2896 1177 2976; baseline 0.01 -22"><span class='ocrx_word' id='word_1_263' title='bbox 160 2913 175 2964; x_wconf 90' lang='lat' dir='ltr'>l</span> <span class='ocrx_word' id='word_1_264' title='bbox 251 2896 286 2955; x_wconf 95' lang='lat' dir='ltr'>ll.</span> <span class='ocrx_word' id='word_1_265' title='bbox 319 2897 436 2958; x_wconf 90' lang='lat' dir='ltr'>Nullam</span> <span class='ocrx_word' id='word_1_266' title='bbox 462 2897 568 2959; x_wconf 82' lang='lat' dir='ltr'>transit</span> <span class='ocrx_word' id='word_1_267' title='bbox 591 2905 734 2972; x_wconf 87' lang='lat' dir='ltr'>aetatem,</span> <span class='ocrx_word' id='word_1_268' title='bbox 757 2901 871 2960; x_wconf 92' lang='lat' dir='ltr'>nullum</span> <span class='ocrx_word' id='word_1_269' title='bbox 896 2901 1051 2962; x_wconf 93' lang='lat' dir='ltr'>hominum</span> <span class='ocrx_word' id='word_1_270' title='bbox 1075 2917 1177 2976; x_wconf 90' lang='lat' dir='ltr'>genus</span> 
     </span>
     <span class='ocr_line' id='line_1_33' title="bbox 190 2979 1178 3059; baseline 0.008 -21"><span class='ocrx_word' id='word_1_271' title='bbox 190 2979 312 3055; x_wconf 86' lang='lat' dir='ltr'>excipit.</span> <span class='ocrx_word' id='word_1_272' title='bbox 342 2979 497 3054; x_wconf 81' lang='lat' dir='ltr'>Quaedam</span> <span class='ocrx_word' id='word_1_273' title='bbox 518 2990 625 3056; x_wconf 89' lang='lat' dir='ltr'>gentes</span> <span class='ocrx_word' id='word_1_274' title='bbox 646 2983 797 3044; x_wconf 87' lang='lat' dir='ltr'>beneficio</span> <span class='ocrx_word' id='word_1_275' title='bbox 817 2986 963 3059; x_wconf 84' lang='lat' dir='ltr'>egestatis</span> <span class='ocrx_word' id='word_1_276' title='bbox 980 3002 1040 3046; x_wconf 89' lang='lat' dir='ltr'>non</span> <span class='ocrx_word' id='word_1_277' title='bbox 1057 3001 1178 3046; x_wconf 91' lang='lat' dir='ltr'>novere</span> 
     </span>
     <span class='ocr_line' id='line_1_34' title="bbox 174 3064 1178 3151; baseline 0.008 -29"><span class='ocrx_word' id='word_1_278' title='bbox 174 3064 348 3151; x_wconf 85' lang='lat' dir='ltr'>luxuriam.</span> <span class='ocrx_word' id='word_1_279' title='bbox 377 3065 543 3140; x_wconf 85' lang='lat' dir='ltr'>quaedam,</span> <span class='ocrx_word' id='word_1_280' title='bbox 566 3067 637 3142; x_wconf 91' lang='lat' dir='ltr'>quia</span> <span class='ocrx_word' id='word_1_281' title='bbox 656 3068 809 3128; x_wconf 89' lang='lat' dir='ltr'>exercitae</span> <span class='ocrx_word' id='word_1_282' title='bbox 825 3075 855 3128; x_wconf 91' lang='lat' dir='ltr'>et</span> <span class='ocrx_word' id='word_1_283' title='bbox 876 3084 973 3143; x_wconf 86' lang='lat' dir='ltr'>vagae</span> <span class='ocrx_word' id='word_1_284' title='bbox 990 3075 1076 3143; x_wconf 92' lang='lat' dir='ltr'>sunt,</span> <span class='ocrx_word' id='word_1_285' title='bbox 1097 3068 1178 3130; x_wconf 86' lang='lat' dir='ltr'>eliu·</span> 
     </span>
     <span class='ocr_line' id='line_1_35' title="bbox 189 3146 1256 3228; baseline 0.015 -24"><span class='ocrx_word' id='word_1_286' title='bbox 189 3162 261 3220; x_wconf 88' lang='lat' dir='ltr'>gere</span> <span class='ocrx_word' id='word_1_287' title='bbox 278 3146 438 3222; x_wconf 86' lang='lat' dir='ltr'>pigritiam.</span> <span class='ocrx_word' id='word_1_288' title='bbox 467 3149 578 3223; x_wconf 92' lang='lat' dir='ltr'>quibus</span> <span class='ocrx_word' id='word_1_289' title='bbox 594 3151 726 3212; x_wconf 91' lang='lat' dir='ltr'>incultus</span> <span class='ocrx_word' id='word_1_290' title='bbox 741 3166 809 3210; x_wconf 92' lang='lat' dir='ltr'>mos</span> <span class='ocrx_word' id='word_1_291' title='bbox 830 3151 1024 3228; x_wconf 81' lang='lat' dir='ltr'>agrestisque</span> <span class='ocrx_word' id='word_1_292' title='bbox 1039 3153 1102 3212; x_wconf 89' lang='lat' dir='ltr'>vita</span> <span class='ocrx_word' id='word_1_293' title='bbox 1117 3161 1177 3227; x_wconf 91' lang='lat' dir='ltr'>est,</span> <span class='ocrx_word' id='word_1_294' title='bbox 1255 3215 1256 3220; x_wconf 73' lang='grc'>,</span> 
     </span>
     <span class='ocr_line' id='line_1_36' title="bbox 190 3228 1256 3311; baseline 0.008 -22"><span class='ocrx_word' id='word_1_295' title='bbox 190 3228 431 3307; x_wconf 90' lang='lat' dir='ltr'>circumscriptio</span> <span class='ocrx_word' id='word_1_296' title='bbox 453 3232 555 3306; x_wconf 88' lang='lat' dir='ltr'>ignota</span> <span class='ocrx_word' id='word_1_297' title='bbox 570 3240 618 3294; x_wconf 86' lang='lat' dir='ltr'>est</span> <span class='ocrx_word' id='word_1_298' title='bbox 632 3242 662 3294; x_wconf 89' lang='lat' dir='ltr'>et</span> <span class='ocrx_word' id='word_1_299' title='bbox 677 3235 761 3295; x_wconf 89' lang='lat' dir='ltr'>lraus</span> <span class='ocrx_word' id='word_1_300' title='bbox 776 3241 806 3294; x_wconf 88' lang='lat' dir='ltr'>et</span> <span class='ocrx_word' id='word_1_301' title='bbox 822 3236 1039 3311; x_wconf 85' lang='lat' dir='ltr'>quodcumque</span> <span class='ocrx_word' id='word_1_302' title='bbox 1057 3235 1085 3294; x_wconf 96' lang='lat' dir='ltr'>in</span> <span class='ocrx_word' id='word_1_303' title='bbox 1106 3237 1175 3297; x_wconf 88' lang='lat' dir='ltr'>loro</span> <span class='ocrx_word' id='word_1_304' title='bbox 1255 3241 1256 3246; x_wconf 77' lang='grc'>’</span> 
     </span>
     <span class='ocr_line' id='line_1_37' title="bbox 187 3313 1178 3394; baseline 0.009 -23"><span class='ocrx_word' id='word_1_305' title='bbox 187 3313 298 3373; x_wconf 89' lang='lat' dir='ltr'>malum</span> <span class='ocrx_word' id='word_1_306' title='bbox 313 3315 459 3375; x_wconf 82' lang='lat' dir='ltr'>nascitur:</span> <span class='ocrx_word' id='word_1_307' title='bbox 475 3316 557 3376; x_wconf 91' lang='lat' dir='ltr'>nulla</span> <span class='ocrx_word' id='word_1_308' title='bbox 570 3333 646 3392; x_wconf 86' lang='lat' dir='ltr'>gens</span> <span class='ocrx_word' id='word_1_309' title='bbox 660 3325 715 3392; x_wconf 87' lang='lat' dir='ltr'>est,</span> <span class='ocrx_word' id='word_1_310' title='bbox 733 3334 822 3394; x_wconf 90' lang='lat' dir='ltr'>quam</span> <span class='ocrx_word' id='word_1_311' title='bbox 837 3335 898 3380; x_wconf 94' lang='lat' dir='ltr'>non</span> <span class='ocrx_word' id='word_1_312' title='bbox 911 3319 956 3380; x_wconf 90' lang='lat' dir='ltr'>ira</span> <span class='ocrx_word' id='word_1_313' title='bbox 967 3318 1099 3394; x_wconf 83' lang='lat' dir='ltr'>instiget,</span> <span class='ocrx_word' id='word_1_314' title='bbox 1113 3327 1178 3380; x_wconf 87' lang='lat' dir='ltr'>tam</span> 
     </span>
     <span class='ocr_line' id='line_1_38' title="bbox 188 3395 1176 3480; baseline 0.009 -25"><span class='ocrx_word' id='word_1_315' title='bbox 188 3395 267 3457; x_wconf 84' lang='lat' dir='ltr'>inter</span> <span class='ocrx_word' id='word_1_316' title='bbox 282 3398 390 3458; x_wconf 88' lang='lat' dir='ltr'>Graios</span> <span class='ocrx_word' id='word_1_317' title='bbox 409 3413 499 3472; x_wconf 90' lang='lat' dir='ltr'>quam</span> <span class='ocrx_word' id='word_1_318' title='bbox 514 3399 591 3459; x_wconf 90' lang='lat' dir='ltr'>inter</span> <span class='ocrx_word' id='word_1_319' title='bbox 605 3401 753 3462; x_wconf 81' lang='lat' dir='ltr'>barbaros</span> <span class='ocrx_word' id='word_1_320' title='bbox 768 3401 895 3477; x_wconf 89' lang='lat' dir='ltr'>potens,</span> <span class='ocrx_word' id='word_1_321' title='bbox 911 3419 973 3464; x_wconf 93' lang='lat' dir='ltr'>non</span> <span class='ocrx_word' id='word_1_322' title='bbox 988 3404 1088 3464; x_wconf 92' lang='lat' dir='ltr'>minus</span> <span class='ocrx_word' id='word_1_323' title='bbox 1104 3419 1176 3480; x_wconf 90' lang='lat' dir='ltr'>per-</span> 
     </span>
    </p>
   </div>
   <div class='ocr_carea' id='block_1_3' title="bbox 189 3478 1181 3564">
    <p class='ocr_par' dir='ltr' id='par_1_3' title="bbox 189 3478 1181 3564">
     <span class='ocr_line' id='line_1_39' title="bbox 189 3478 1181 3564; baseline 0.014 -28"><span class='ocrx_word' id='word_1_324' title='bbox 189 3478 306 3542; x_wconf 90' lang='lat' dir='ltr'>niciosa</span> <span class='ocrx_word' id='word_1_325' title='bbox 328 3483 412 3556; x_wconf 87' lang='lat' dir='ltr'>leges</span> <span class='ocrx_word' id='word_1_326' title='bbox 440 3484 643 3544; x_wconf 89' lang='lat' dir='ltr'>metuentibus</span> <span class='ocrx_word' id='word_1_327' title='bbox 672 3501 764 3561; x_wconf 90' lang='lat' dir='ltr'>quam</span> <span class='ocrx_word' id='word_1_328' title='bbox 791 3486 902 3561; x_wconf 88' lang='lat' dir='ltr'>quibus</span> <span class='ocrx_word' id='word_1_329' title='bbox 932 3487 997 3548; x_wconf 86' lang='lat' dir='ltr'>iura</span> <span class='ocrx_word' id='word_1_330' title='bbox 1018 3487 1181 3564; x_wconf 87' lang='lat' dir='ltr'>distinguit</span> 
     </span>
    </p>
   </div>
   <div class='ocr_carea' id='block_1_4' title="bbox 0 0 1270 3906">
    <p class='ocr_par' dir='ltr' id='par_1_4' title="bbox 0 0 1270 3906">
     <span class='ocr_line' id='line_1_40' title="bbox 0 0 1270 3906; baseline 0 0"><span class='ocrx_word' id='word_1_331' title='bbox 0 0 1270 3906; x_wconf 95' lang='lat' dir='ltr'> </span> 
     </span>
    </p>
   </div>
  </div>
 </body>
</html>
