2554 3888
206 262 268 328 ree
377 263 411 322 L.
433 262 579 322 Annum
602 248 997 322 sermunculorum.

173 415 361 492 iQeomodo
377 429 484 476 navem
507 430 651 490 quassum
670 431 730 475 nen
754 413 964 476 deduceretin
979 425 1079 490 mare,
1106 431 1185 492 ono
1262 417 1263 450 1

201 501 294 562 modo
315 515 425 559 nomen
445 497 475 558 in
495 499 627 559 mititiam
648 509 710 560 nen
729 499 818 558 duret
837 497 963 574 debitis,
985 499 1034 559 sio
1057 501 1098 560 ed
1117 499 1184 574 iter,

202 584 287 660 quod
302 582 433 643 inhabile
448 582 539 654 sciet,
560 597 622 643 non
636 581 773 642 accedet.
794 580 900 651 Potest
913 596 988 658 erpo
1003 589 1034 643 et
1047 581 1115 655 itte,
1134 585 1184 644 eui

196 667 303 730 omnic
317 665 417 726 adhuc
432 667 461 725 in
476 665 594 740 integro
614 671 699 741 sunt,
725 673 888 740 numquam
908 667 986 726 uites
1006 667 1185 742 experiatur

199 757 415 826 tempestates,
437 750 468 808 in
487 756 552 810 tuto
573 748 743 810 subsistere
754 755 789 809 ct
811 750 950 824 protinus
966 751 1183 813 commendare

202 850 237 897 se
252 835 334 896 tonis
350 833 466 893 artibus
483 833 556 892 etin
570 833 630 894 iilis
645 833 766 893 beatum
782 833 876 894 otium
891 833 1024 908 exigere,
1035 827 1182 895 ¹'virtutum
1262 857 1263 860 ¹

169 920 315 992 sonitor,
341 933 420 990 quae
445 917 582 976 exerceri
606 917 697 977 etium
718 915 915 992 quietssinis
939 924 1080 992 possunt.
1115 919 1183 978 Hoc

201 1016 312 1076 nempe
332 1000 371 1060 ab
386 999 509 1060 homine
528 999 674 1074 exigitur,
698 1006 732 1060 ut
746 1000 845 1074 prosit
858 999 1047 1075 hominibus,
1073 1001 1100 1062 si
1115 1001 1183 1062 iieri
1262 995 1263 1002 ’

201 1091 318 1162 potest,
340 1083 457 1158 muitiS,
479 1083 634 1157 siminus,
657 1083 781 1159 paucis,
792 1112 793 1115 ¹
805 1085 831 1144 si
846 1084 960 1158 minus,
977 1084 1141 1160 proximis,
1156 1085 1183 1144 si

202 1169 318 1242 minus,
335 1165 403 1228 sibi.
434 1181 504 1227 num
520 1183 587 1227 cum
603 1183 638 1239 se
652 1167 755 1228 utitem
771 1165 881 1230 ceteris
897 1168 1004 1244 eiiieit,
1020 1184 1184 1229 commune

202 1253 264 1327 ugit
287 1251 451 1327 negotium.
481 1252 636 1326 quomodo
663 1251 715 1327 qui
740 1267 775 1312 se
800 1252 982 1314 deteriorem
1008 1253 1093 1326 iacit,
1119 1269 1182 1313 non

201 1335 259 1396 sibi
278 1335 486 1408 tantummodo
505 1341 609 1410 nocet,
631 1335 688 1395 sed
707 1335 796 1395 etiem
820 1336 963 1397 omnibus
982 1337 1043 1410 eis,
1067 1336 1182 1412 quibus

200 1419 307 1481 melior
320 1420 419 1480 iectus
435 1420 586 1495 prodesse
601 1417 766 1496 potuisset,
783 1420 828 1480 sic
843 1419 983 1496 quisquis
998 1419 1077 1479 bene
1092 1419 1133 1479 de
1148 1435 1184 1479 se

197 1511 348 1576 meretur,
374 1503 433 1564 hoe
453 1503 522 1578 ipso
544 1501 611 1562 otiis
632 1504 776 1578 prodest,
802 1503 887 1579 qnod
906 1501 978 1564 iliis·
987 1505 1182 1578 profuturum

201 1593 298 1661 purat.

172 1678 189 1732 l
260 1669 312 1728 IV.
336 1671 402 1747 [ct]
424 1669 507 1728 Dun's
528 1670 719 1745 respublicas
737 1671 838 1731 animo
854 1671 1091 1747 complectamur,
1108 1673 1183 1730 uite·

200 1767 263 1812 ram
289 1768 428 1828 magnum
451 1759 481 1812 et
501 1768 573 1813 vere
597 1753 765 1830 pubiicum,
791 1772 853 1831 qua
876 1754 906 1814 di
928 1761 1021 1829 etque
1040 1753 1183 1813 homines

202 1837 407 1910 continentur,
423 1836 453 1896 in
469 1853 531 1912 que
545 1854 605 1898 uon
622 1838 660 1898 ed
676 1837 757 1897 hunc
773 1839 915 1914 anguium
930 1835 1114 1913 respicimus
1130 1842 1184 1897 ent

115 1993 119 2000 ,
201 1920 241 1980 nd
262 1920 360 1993 ilium,
386 1921 443 1981 sed
463 1921 608 1984 terminos
628 1920 758 1982 civitatis
778 1930 902 1990 nostrae
925 1938 992 1982 cum
1014 1923 1081 2004 sote
1096 1919 1183 1981 meti·
1262 1953 1263 1960 κ

201 2021 281 2064 mur=
306 2006 437 2078 aiteram,
453 2005 502 2063 cni
517 2021 574 2064 nos
589 2003 754 2080 adscripsit
768 2007 908 2066 condicio
923 2005 1082 2067 nascendi.
1103 2004 1182 2064 haec

202 2095 252 2148 eut
266 2085 498 2148 Atheniensium
518 2087 575 2148 erit
596 2095 647 2149 nut
662 2089 968 2164 Carthaginiensium,
988 2095 1042 2148 eut
1055 2089 1182 2148 alterius
1262 2117 1263 2156 ι

202 2170 330 2230 alicuius
358 2169 458 2244 urbis,
484 2187 564 2245 quae
589 2189 649 2232 non
670 2172 710 2232 ed
731 2171 830 2234 omnis
856 2172 1006 2248 pertinent
1030 2171 1181 2246 homines,
1262 2167 1263 2174 ’

202 2253 258 2312 sed
276 2253 316 2312 ud
331 2259 443 2314 certos.
469 2253 596 2328 Quidem
617 2256 726 2316 codem
745 2260 884 2332 ternpore
898 2247 1020 2332 utrir'pue
1036 2255 1182 2331 reipubli-

203 2351 257 2395 cae
273 2336 346 2396 dent
359 2351 501 2412 operam,
524 2338 630 2400 meiori
650 2339 836 2415 minorique,
858 2340 982 2415 quidum
996 2345 1113 2399 tuntum
1126 2339 1183 2398 rni-

172 2421 282 2492 2nori‚
306 2419 428 2496 quidem
450 2427 565 2482 tuntum
586 2423 702 2484 maiori.
729 2423 807 2484 Huic
828 2423 935 2484 maiori
948 2423 1138 2498 rcipnbticee
1152 2427 1184 2482 et

201 2504 231 2564 in
248 2504 309 2565 otio
325 2503 483 2566 deservire
498 2519 680 2582 possumus,
698 2507 789 2567 immo
806 2522 881 2568 vero
896 2507 1003 2568 nescio
1018 2523 1056 2566 un
1071 2507 1101 2565 in
1118 2506 1182 2566 otio

200 2588 323 2664 meiius,
344 2594 378 2650 ut
393 2604 590 2666 quaeremus,
606 2590 680 2667 quid
695 2589 734 2650 sit
747 2591 859 2664 virtus,
874 2607 937 2652 una
950 2591 1096 2667 pluresne
1110 2590 1182 2650 sirit.

200 2681 310 2734 natura
329 2688 368 2734 un
388 2689 440 2734 ers
465 2674 565 2736 bonos
583 2675 666 2735 viros
689 2674 788 2734 iaciat.
816 2691 909 2735 uurrm
932 2677 971 2736 sit
993 2675 1069 2748 hec,
1096 2673 1182 2749 qnod

200 2757 296 2818 maria
309 2763 469 2832 terresque
484 2765 515 2819 et
528 2759 603 2819 mari
618 2775 654 2819 ac
669 2758 756 2818 terris
777 2759 891 2820 inserte
906 2758 1121 2834 conplectitur,
1141 2771 1181 2816 en

200 2841 295 2900 multu
325 2840 475 2902 eiusmodi
510 2857 642 2918 corpora
672 2843 748 2902 dens
773 2843 930 2918 sparserit.
973 2841 1119 2902 continue
1142 2841 1184 2900 sit

202 2923 302 2984 omnis
322 2929 352 2984 et
371 2924 464 3000 plena
488 2926 629 2998 materie,
653 2941 693 2984 ex
717 2941 778 3000 quc
802 2933 911 2996 cuncte
935 2925 1115 3001 gignuntur,
1141 2939 1180 2983 an

202 3006 325 3068 diducta
345 3015 376 3069 et
400 3009 507 3070 solidis
533 3009 622 3070 inane
647 3011 827 3084 permixtum
852 3009 900 3070 sit.
936 3009 1013 3070 deus
1038 3009 1181 3070 deridens

200 3105 282 3166 opus
305 3107 394 3150 suum
413 3099 548 3168 spectet,
568 3109 607 3152 un
628 3098 743 3154 trnctet.
770 3101 911 3155 utrumne
931 3095 1122 3154 extrinsecus
1139 3089 1181 3150 itti

201 3174 406 3236 circumtusus
426 3177 479 3250 eit,
501 3193 540 3236 an
560 3177 614 3238 toti
634 3176 756 3236 inditus.
789 3177 956 3238 inmortuiis
978 3175 1017 3238 sit
1036 3176 1181 3248 mundum,

201 3273 239 3318 en
261 3257 339 3318 inter
359 3259 476 3320 cedunt
501 3268 530 3320 ct
552 3261 591 3320 ed
611 3266 732 3340 tempus
754 3269 825 3323 nate
849 3261 1068 3321 numerandus.
1095 3260 1182 3319 Haec

203 3339 256 3416 qui
270 3343 500 3418 contempletur,
516 3343 589 3418 quid
603 3343 661 3404 deo
677 3351 833 3419 prucstntt
851 3361 890 3404 ne
900 3351 983 3405 tantu
998 3343 1064 3404 eius
1083 3357 1181 3418 opem

91 3466 93 3470 s
202 3424 271 3485 sine
285 3431 363 3484 teste
378 3425 447 3484 sint.

172 3515 190 3570 1
262 3509 299 3566 V.
335 3505 475 3568 Solemus
495 3509 597 3568 dicere
614 3525 764 3572 summum
784 3511 898 3572 bonnm
916 3525 988 3572 esse
1006 3510 1180 3572 seeundum
