2528 3906
163 279 167 284 .
196 229 257 294 122
406 239 438 296 n.
459 237 605 296 nnnnut
627 237 801 320 sunnone
822 238 924 298 nilla.
940 239 991 297 vr.

165 403 179 454 1
260 392 322 450 Xll.
345 389 456 449 Dolor
477 395 576 462 tuus,
599 387 732 448 simodo
749 389 809 448 ulla
822 386 865 448 illi
879 389 955 449 ratic
971 397 1026 464 est,
1043 399 1170 452 utrum

197 491 265 553 sua
281 479 433 549 spectat
453 471 752 532 incommodaan
774 472 859 532 eins
886 475 950 546 qui
972 473 1172 535 decessit?

196 566 318 621 utrum
345 563 381 616 te
401 555 546 615 amisso
574 555 661 616 lilio
683 562 823 629 movet,
853 557 954 631 quod
977 558 1102 618 nullas
1124 575 1172 617 ex

196 643 264 702 illo
281 641 507 715 voluptates
524 638 724 712 cepisses,
746 655 790 698 an
808 639 1112 715 quod-maiorcS,
1137 643 1169 702 si

197 723 545 795 diutiusvixissat,
568 722 776 797 percipere
798 723 986 796 potuisti?
1016 723 1048 783 Si
1068 727 1170 784 nullas

196 808 375 884 percepisse
404 804 435 865 te'
460 805 583 878 dixeris,
606 807 792 866 tolerabilIus
818 805 934 866 clfioies
957 807 1172 868 detrimentum

196 901 289 952 tuum.
319 891 418 950 minus
433 889 513 950 enim
526 889 665 950 homines
683 889 859 950 desiderant
872 906 917 964 ea,
942 891 1107 966 exquibus
1124 891 1170 950 ni-

195 977 235 1034 hil
259 973 361 1049 gaudii
392 972 584 1047 laetitiaeque
611 979 819 1048 perceperant.
862 974 888 1032 si
910 975 1054 1034 confessa
1074 975 1170 1034 lucris

197 1058 375 1134 perccpIssc
388 1073 514 1131 magnas
527 1059 709 1131 voluptates,
726 1063 846 1132 oportet
861 1065 890 1116 te
905 1073 964 1116 non
981 1058 1019 1116 de
1033 1073 1069 1116 eo
1084 1059 1170 1133 quod

196 1143 364 1202 detractum
379 1147 426 1200 est
441 1139 535 1214 queri,
558 1141 614 1199 sed
630 1140 668 1198 de
684 1155 720 1199 eo
735 1140 847 1214 gratias
862 1156 953 1214 agere
968 1141 1050 1215 quod
1072 1145 1171 1202 conti·

164 1225 246 1300 agit.
276 1229 482 1299 provenerunt
502 1222 582 1282 enim
596 1223 670 1281 satis
685 1223 784 1297 magni
802 1223 918 1283 lructus
940 1223 1079 1284 laborum
1102 1231 1169 1284 tuo-

194 1325 262 1368 rum
277 1325 314 1366 cx
330 1307 398 1382 ipsa
406 1305 595 1377 educatione,
612 1306 670 1364 nisi
685 1307 762 1366 lorte
776 1305 816 1380 hi,
836 1306 887 1380 qui
900 1307 1016 1366 catulos
1031 1323 1171 1382 avesque

195 1400 225 1453 et
239 1391 347 1451 frivola
367 1389 535 1468 animorum
558 1389 779 1449 oblectamenta
799 1405 917 1448 summa
937 1390 1091 1464 diligentia
1113 1409 1169 1451 nu·

196 1477 294 1550 triunt,
311 1472 558 1546 fruunturaliqua
570 1471 725 1546 voluptate
732 1488 771 1531 ex
783 1471 852 1533 visu
867 1479 1045 1548 tactuqueet
1057 1474 1171 1533 blanda

195 1559 369 1619 adulatione
377 1563 535 1628 mutorum,
550 1555 873 1616 liberosnutrientibus
890 1571 949 1616 non
963 1558 1078 1616 lruclus
1093 1557 1170 1616 edu-

196 1641 323 1702 cationis
345 1641 414 1714 ipsa
426 1639 568 1698 educatio
590 1644 645 1698 est.
674 1639 744 1698 ticet
764 1638 866 1714 itaque
887 1640 927 1698 nil
948 1641 1000 1700 tibi
1019 1640 1171 1700 industria

195 1725 261 1785 eius
278 1723 446 1794 contulerit,
462 1721 534 1780 nihil
549 1722 703 1795 diligentia
718 1722 903 1796 custodierit,
919 1723 990 1782 nihil
1007 1725 1171 1798 prudentia

196 1809 355 1886 sualsert'tt,
371 1805 571 1881 ipsumqund
586 1805 727 1876 habuisti,
745 1807 827 1880 quod
843 1807 960 1879 amasti,
976 1807 1092 1868 fructus
1108 1817 1166 1867 est.

162 1895 254 1967 3„At
274 1890 371 1966 potuit
391 1891 510 1965 longior
531 1904 602 1948 esse
629 1889 777 1966 [maior],⁴‘
818 1891 924 1950 melius
946 1898 1047 1950 tamen
1067 1897 1169 1950 tecum

194 1983 295 2036 actum
307 1981 355 2035 est
366 1991 458 2048 quam
470 1973 496 2032 si
509 1973 631 2033 omnino
645 1991 703 2034 non
718 1972 905 2048 contigisset,
922 1973 1099 2049 quoniamst
1112 1991 1169 2049 po-

136 2098 138 2101 .
194 2069 283 2118 natur
304 2058 426 2130 electio,
448 2065 547 2116 utrum
569 2056 664 2116 satius
685 2058 723 2117 sit
744 2075 804 2118 non
826 2058 878 2116 diu
899 2058 1015 2117 lelicem
1037 2073 1108 2118 esse
1129 2075 1168 2118 an

194 2158 367 2216 numquam,
389 2140 497 2200 melius
519 2147 567 2198 cst
587 2139 763 2200 discessura
776 2141 866 2202 nobis
884 2139 965 2200 bona
980 2157 1070 2216 quam
1085 2143 1170 2200 nulla

195 2225 379 2298 contingere.
408 2223 553 2284 Utrumne
573 2225 679 2287 malles
702 2225 883 2299 degenerem
905 2225 1037 2299 aliquem
1058 2232 1089 2284 et
1113 2243 1170 2284 nu-

195 2324 311 2367 merum
336 2315 450 2367 tanturn
477 2321 649 2381 nomenque
671 2307 723 2367 lilii
745 2309 936 2382 expleturum
961 2307 1108 2370 habuisse
1129 2327 1169 2370 an

195 2400 295 2452 tantae
316 2391 441 2464 indolis,
465 2397 595 2466 quantae
615 2398 684 2452 tuus
707 2391 780 2451 luitt
807 2391 925 2453 iuvenis
947 2393 1005 2453 cito
1022 2393 1169 2467 prudens,

196 2475 254 2536 cito
271 2475 349 2550 pius,
366 2475 425 2536 cito
441 2474 577 2548 maritus
594 2474 652 2534 cito
662 2482 756 2550 pater,
773 2476 832 2536 cito
844 2475 943 2538 omnis
958 2475 1052 2536 ollicii
1067 2475 1168 2535 curio-

164 2573 258 2632 4sus,
282 2558 339 2618 cito
357 2558 515 2630 sacerdos
538 2558 638 2618 omnia
660 2566 809 2633 tamquam
832 2575 1049 2635 praepropera.
1088 2559 1169 2619 Nulli

195 2644 259 2702 lere
276 2659 385 2717 magna
399 2642 481 2702 bona
502 2649 531 2702 et
545 2641 685 2702 diuturna
700 2643 886 2716 contingunt.
916 2660 976 2702 non
999 2643 1088 2702 durat
1109 2659 1169 2701 nec

108 2760 115 2769 -
195 2727 233 2785 od
249 2726 383 2786 ultimum
399 2725 461 2785 exit
475 2723 533 2784 nisi
553 2725 634 2786 lenta
649 2724 792 2786 felicitas:
821 2727 913 2785 filium
936 2727 987 2786 tibi
1003 2725 1034 2784 di
1057 2727 1164 2784 inmor-

195 2810 271 2868 tales
287 2825 348 2868 non
363 2809 414 2868 diu
430 2808 528 2868 daturi
544 2809 643 2868 statim
658 2811 748 2869 talem
764 2809 921 2883 dederunt,
941 2810 1040 2884 qualis
1057 2809 1108 2869 diu
1124 2809 1167 2868 ei-

195 2891 243 2950 iici
261 2898 370 2966 potest.
385 2892 429 2951 Ne
443 2888 653 2966 ittudqnidem
666 2893 768 2952 dicere
783 2900 870 2966 potes
884 2894 1019 2966 electam,
1031 2900 1061 2952 te
1076 2908 1094 2950 a
1108 2893 1168 2956 dis,

196 2975 244 3034 cui
259 2975 316 3034 lrui
337 2991 397 3034 non
418 2975 523 3034 liceret
545 2975 618 3036 lilio:
649 2975 779 3036 circuice
800 2992 855 3050 per
875 2991 995 3036 omnem
1015 2983 1169 3037 notorum.

195 3058 365 3130 ignotorum
382 3057 578 3132 frequentiam
596 3060 715 3130 oculos,
739 3065 945 3120 occurrent
966 3058 1035 3118 tibi
1059 3063 1168 3134 passi

195 3139 338 3216 ubique
354 3141 507 3201 maiora.
530 3142 760 3202 senseruntista
771 3143 871 3216 magni
884 3143 988 3215 duces,
1004 3158 1171 3204 senscrun:

197 3313 277 3380 pitto,
292 3315 326 3368 ut
338 3315 511 3368 nostrorum
532 3309 670 3368 luncrum
693 3310 893 3368 levamentum
909 3315 992 3368 esset
1012 3311 1102 3368 etiam
1124 3309 1168 3367 di·

194 3224 360 3300 principes.
389 3240 427 3284 ne
442 3225 519 3284 deos
536 3225 659 3299 quidem
675 3225 795 3284 labulac
810 3225 949 3285 inmunes
970 3227 1169 3301 reliquerunt,
1253 3257 1254 3274 κ

194 3389 265 3450 vina
280 3390 450 3450 concidere.
480 3389 689 3465 circumspice,
705 3391 837 3466 inquam,
854 3392 968 3450 omnis:
984 3393 1098 3452 nullam
1113 3391 1170 3450 mi·
1253 3393 1254 3408 ¹

196 3490 294 3532 seram
311 3473 480 3534 nominabis
496 3473 628 3546 domum,
646 3490 724 3548 quae
740 3489 801 3532 non
813 3472 948 3534 inveniat
963 3475 993 3534 in
1007 3473 1172 3534 miseriore
1253 3483 1254 3528 1
