2528 3906
256 273 358 333 nint.
378 275 430 334 1v.
452 273 503 334 DE
522 275 591 335 IRA
613 275 685 335 LlB.
707 278 744 336 ΙΙ.
764 285 896 340 31—33.
1024 275 1065 343 75

75 444 151 488 esse
173 427 308 488 societas
330 427 388 486 nisi
411 428 551 488 custodia
565 435 595 488 et
608 443 713 488 amoro
729 429 857 503 partium
873 447 932 491 non
949 439 1061 506 potest.
1145 457 1151 472 ν

75 512 121 570 Nc
143 511 269 586 viperas
283 509 414 584 ¹quidem
435 517 466 570 et
486 511 632 584 natrices,
658 512 727 570 etsi
744 528 804 586 qua
818 528 922 573 morsu
938 515 1092 576 anticius

80 601 210 666 nocent,
230 592 455 668 eifligeremus,
476 595 503 653 si
523 601 556 653 ut
575 595 694 670 reliqua
708 599 938 656 mansuefacere
954 615 1061 672 posse-

76 695 146 738 mus
168 685 222 738 aut
241 677 380 750 eiicere,
401 693 442 736 ne
465 677 555 738 nobis
571 677 678 737 aliisve
695 679 831 752 periculo
853 687 966 740 essent.
989 697 1062 758 ergo

79 778 117 821 ne
131 759 249 822 homini
265 760 387 836 quidem
402 760 596 833 necabimus,
613 762 684 838 quia
698 763 851 836 peccavit,
867 765 976 823 sedne
991 781 1063 839 pcc·

79 853 142 916 cet,
164 859 223 904 nec
237 859 381 918 umquam
398 844 438 904 ad
450 845 663 920 praeteritum,
688 846 744 905 sed
759 845 799 904 ad
815 845 946 906 futurum
964 864 1064 923 poena

76 931 237 988 reseretur.
266 943 328 986 non
343 929 423 986 enim
438 927 592 1002 irascitur,
615 929 672 988 sed
687 936 783 988 cavet.
809 931 919 990 namsi
935 934 1062 1006 punien-

78 1013 137 1072 dus
160 1019 208 1072 est
229 1010 411 1085 cuicumque
432 1027 559 1085 pravum
580 1011 814 1090 maleficumque
835 1014 990 1090 ingenium
1006 1024 1061 1090 est,

79 1111 182 1170 poena
196 1095 347 1154 neminem
360 1095 504 1169 excipiet.

141 1177 261 1239 XXXII.
295 1180 364 1250 „At
384 1177 463 1237 enim
484 1177 529 1237 ira
551 1177 643 1238 habet
671 1179 802 1254 aliquam
824 1181 1010 1256 voluptatem
1033 1189 1089 1242 etl

76 1263 169 1322 dntce
185 1269 233 1321 εει
247 1261 385 1322 dolorem
398 1263 559 1322 reddere.“
586 1261 725 1321 Minime:
746 1279 807 1323 non
824 1265 904 1323 enim
918 1271 951 1324 ut
964 1266 995 1323 in
1010 1265 1061 1325 be-

75 1345 198 1406 neficiis
219 1345 380 1406 honestam
401 1353 448 1404 est
469 1346 576 1404 merita
590 1345 704 1406 meritis
726 1361 910 1422 repensare,
928 1349 969 1406 ita
986 1347 1062 1408 iniu-

75 1429 141 1488 rias
156 1429 285 1488 iniuriis.
308 1427 368 1488 iilic
380 1429 460 1488 vinci
474 1437 564 1504 turpe
576 1436 632 1502 est,
648 1429 698 1488 hic
714 1431 844 1489 vincere.
866 1430 1062 1491 inhumanum

78 1513 205 1572 verbum
223 1519 271 1572 est
292 1513 459 1586 etquidem
474 1529 531 1590 pro
553 1512 633 1573 iusto
648 1521 805 1590 receptum
820 1514 935 1588 [ultio
951 1519 992 1586 et]
1008 1522 1062 1574 ta·

77 1597 142 1656 lio.
170 1611 232 1656 non
253 1597 377 1656 muitum
398 1595 500 1655 differt
514 1596 572 1655 nisi
588 1596 713 1656 ordiner
730 1596 782 1672 qui
800 1597 938 1658 dolorem
953 1599 1064 1671 regerit

76 1687 193 1740 tantum
208 1679 386 1740 excusatius
398 1688 514 1754 peccat.
535 1679 574 1738 Μ.
589 1680 732 1740 Catonem
748 1681 894 1755 ignorans
909 1683 938 1740 in
950 1681 1091 1743 balneos

76 1765 203 1837 quidam
220 1765 372 1838 percussit
386 1763 564 1838 inprudens.
589 1761 658 1840 quis
674 1763 754 1823 enim
772 1765 814 1824 ilii
829 1765 933 1825 sciens
948 1765 1064 1824 iaceret

79 1847 243 1908 iniuriamt
259 1855 367 1922 postea
382 1847 579 1908 satisfacienti
596 1848 685 1908 Cato=
706 1865 788 1922 „non
803 1848 940 1920 meutini,
956 1847 1062 1924 inquit,

78 1947 127 1990 me
141 1936 359 2006 percussumf‘
374 1930 482 1991 meiius
499 1931 616 2007 putavit
628 1947 691 1992 non
706 1947 877 2006 agnoscere
892 1949 983 2008 quam
998 1932 1063 1991 vin·

79 2014 193 2074 dicare.
225 2013 344 2088 „amit
364 2015 486 2088 inquis,
506 2013 549 2074 iiii
570 2021 642 2090 post
656 2021 768 2075 tantam
784 2016 979 2091 petulantiam
995 2017 1093 2078 malit

77 2099 192 2158 ⁴tactum
206 2103 299 2158 estr“
321 2098 415 2158 immo
431 2101 557 2181 multum
570 2098 659 2160 boni:
680 2100 783 2175 coepit
797 2099 942 2160 Catonem
957 2115 1062 2160 nosse.

80 2181 182 2256 Magni
203 2181 295 2241 animi
315 2189 362 2241 est
378 2181 507 2242 iniurias
523 2183 693 2258 despicere.
725 2181 849 2244 ultionis
865 2183 1062 2244 contumeiio-

76 2265 234 2324 sissimum
250 2279 347 2339 genus
363 2272 487 2326 estnon
502 2267 684 2326 essevisum
700 2267 842 2343 dignum,
864 2283 904 2326 ex
925 2283 987 2342 quo
1010 2283 1063 2342 pc·

76 2357 192 2409 teretur
212 2350 296 2408 uitio.
333 2348 418 2410 multi
443 2351 528 2409 ieves
554 2349 680 2410 iniurias
707 2349 797 2411 altius
822 2351 881 2423 sibi
902 2350 1062 2422 demisere,

81 2433 150 2491 dum
168 2433 341 2491 vindicant:
363 2433 412 2492 iiie
428 2449 557 2507 magnus
573 2439 602 2493 ct
615 2433 742 2507 nobiiis,
765 2435 817 2509 qui
831 2449 916 2493 more
934 2449 1063 2508 magnae

78 2516 161 2576 ierac
177 2518 304 2575 latratus
319 2517 502 2576 minutorum
518 2522 650 2590 [canum]
667 2533 795 2578 securus
811 2517 944 2577 exaudit.

139 2599 274 2660 XXXIII.
304 2599 444 2673 ‚,Minus‚
460 2601 572 2676 inquit,
589 2609 831 2673 contemnemur,
848 2601 874 2660 si
889 2597 1092 2664 vindicare-1

78 2683 174 2742 rimus
189 2683 358 2742 iniuriam.“
381 2683 413 2744 Si
427 2692 581 2760 tamquam
595 2685 636 2744 ad
650 2683 818 2744 remedium
833 2682 982 2757 venimus,
998 2681 1064 2742 sinc

79 2765 123 2824 ira
143 2767 322 2839 veniamus,
346 2784 408 2828 non
430 2770 519 2844 quasi
541 2769 631 2828 dulce
651 2768 691 2828 sit
709 2766 874 2840 vindicari,
896 2767 953 2827 scd
974 2768 1064 2842 quasi

78 2851 158 2910 utile,
179 2865 286 2925 saepe
308 2858 409 2910 autem
424 2851 520 2912 satius
536 2851 591 2912 iuit
606 2852 816 2925 dissimulare,
840 2867 931 2926 quam
946 2850 1063 2910 ulcisci.
1096 2847 1098 2852 ’

79 2933 288 2994 Potentiorum
310 2934 437 2995 iniuriae
456 2935 543 2994 hilari
563 2938 664 3007 voitu,
694 2951 754 2995 non
777 2934 928 3011 patienter
950 2941 1064 2995 tantum

78 3017 225 3078 terendae
249 3025 328 3078 sunt.
358 3019 470 3078 facient
490 3017 613 3090 iterum,
636 3021 663 3078 si
685 3035 721 3078 se
741 3019 854 3080 iecisse
870 3018 1063 3078 crediderint.

79 3101 143 3160 Hoc
163 3101 280 3161 habent
299 3103 468 3178 pessimum
488 3103 580 3163 animi
600 3118 711 3178 magna
738 3103 858 3164 fortuna
879 3101 1063 3162 insolentes:

78 3200 159 3258 quos
179 3186 337 3246 laeserunt
350 3195 380 3246 et
394 3188 533 3247 oderunt.
562 3187 727 3246 Notissima
742 3203 804 3247 vox
820 3191 868 3245 est
882 3186 948 3245 eius
965 3186 1018 3262 qui
1033 3186 1092 3244 ina

78 3268 160 3328 cuitu
174 3283 281 3344 regrum
296 3277 508 3330 consenuerat.
527 3275 600 3330 ‘cum
615 3271 697 3330 iilum
713 3269 837 3344 quidam
852 3268 1064 3344 interrogaret,

80 3353 236 3424 quomodo
255 3354 445 3414 rarissimam
466 3369 530 3413 rem
550 3354 578 3412 in
600 3355 669 3412 auia
690 3360 875 3414 consecutus
891 3358 990 3424 esset,
1016 3365 1063 3410 se-

79 3443 246 3495 nectutem=
262 3436 417 3510 „iniurias
431 3438 539 3512 inquit,
552 3437 669 3511 accipie
680 3435 774 3496 ndoet
786 3434 900 3510 gratias
914 3431 1066 3508 agendo.“

82 3516 183 3594 Saepe
205 3517 285 3579 adeo
305 3519 446 3580 iniuriam
467 3520 615 3580 vindicari
630 3535 691 3580 non
707 3518 846 3594 expedit,
867 3523 901 3574 ut
921 3529 960 3572 ne
979 3509 1067 3571 iateri
