2528 3906
193 227 236 296 72
483 232 516 291 L.
538 231 685 292 ANNAEI
708 229 883 296 SENECAE

194 385 380 458 doloresque
397 381 566 442 incurrunt:
584 380 687 452 utiquc
705 377 806 454 aliqua
823 378 998 454 fugiendum
1014 387 1061 440 est
1076 379 1165 443 domi·

193 467 293 527 ciiium
315 474 405 542 putre
423 463 547 526 sortitis.
571 463 693 524 Dicetur
710 461 820 537 aliquis
839 463 917 520 male
935 463 974 522 de
992 469 1020 522 te
1038 465 1172 525 locutusz

194 551 294 625 cogita
310 566 347 608 an
367 549 451 624 prior
469 547 594 620 feceris,
618 546 718 621 cogita
736 546 775 605 de
798 561 890 619 quam
908 545 1009 606 nutris
1026 547 1172 622 loquaris.

163 633 381 708 &Cogitemus
403 633 540 707 inquam,
563 631 640 690 alios
663 645 725 690 non
748 630 848 688 iacere
870 629 1024 703 iniuriam,
1046 633 1102 690 sed
1126 647 1173 690 re·

192 733 318 794 ponere.
341 717 418 776 aiios
431 732 486 791 pro
499 713 588 774 nobis
602 716 712 784 iacere,
731 713 809 774 aiios
825 721 950 773 coactos
966 715 1076 787 iacere,
1094 715 1173 776 aiios

192 801 377 876 ignorantis,
398 799 487 859 etiarn
506 813 567 858 eos
592 797 643 872 qui
669 798 807 857 volentes
830 797 1026 872 scientesque
1048 799 1171 870 iaciunt,
1259 853 1260 862 ,

193 900 232 943 ex
244 884 352 943 iniuria
365 889 470 943 nostra
481 898 542 942 non
559 881 657 955 ipsam
671 880 808 940 iniuriam
816 887 936 954 petere:
952 881 1174 942 autdulcedine

191 967 371 1027 urbanitatis
393 968 557 1042 prolapsus
580 971 627 1024 est
646 973 697 1025 aut
713 961 784 1022 iecit
800 963 930 1038 aliquid,
952 980 1013 1024 non
1034 971 1067 1025 ut
1082 966 1173 1027 nobis

192 1051 331 1124 obesset,
348 1051 404 1110 sed
420 1051 491 1125 quia
506 1048 655 1123 consequi
670 1049 739 1123 ipse
754 1063 815 1106 non
833 1055 959 1122 poterat,
975 1048 1033 1109 nisi
1050 1065 1108 1109 nos
1125 1065 1172 1109 re·
1260 1115 1261 1130 1

164 1141 181 1196 6
192 1135 331 1210 pulisset.
360 1149 455 1208 saepe
469 1132 618 1206 adulatio,
638 1133 710 1192 dum
726 1129 891 1202 blanditur,
913 1131 1050 1192 offendit.
1084 1132 1172 1206 Quis·

192 1218 261 1294 quis
275 1219 313 1278 ad
332 1232 367 1277 sc
382 1217 530 1290 retulerit,
552 1217 693 1292 quotiens
707 1215 775 1290 ipse
792 1213 821 1273 in
840 1215 1047 1289 suspicionem
1063 1212 1172 1276 salsam

190 1301 343 1373 inciderit,
368 1317 460 1376 quam
475 1299 576 1360 multis
593 1298 704 1361 officiis
724 1299 789 1359 suis
807 1299 928 1360 iortuna
943 1300 1077 1374 speciem
1093 1299 1170 1359 iniu-

191 1386 255 1446 riae
275 1383 419 1460 indnerit,
442 1401 531 1460 quarn
552 1385 663 1444 multos
685 1390 756 1458 post
777 1382 880 1442 odium
900 1397 1003 1442 amare
1025 1385 1172 1457 coeperit,

192 1469 304 1545 poterit
319 1485 379 1529 non
397 1470 497 1530 statim
509 1467 616 1540 irasci,
637 1467 742 1542 utique
758 1465 784 1524 si
802 1466 859 1527 sibi
873 1465 982 1526 tacitus
997 1467 1036 1526 ad
1052 1467 1173 1540 singula
1258 1466 1260 1479 '

164 1553 303 1628 rquibus
321 1551 484 1612 offenditur
498 1551 621 1610 dixerit=
638 1550 714 1609 haec
729 1548 842 1625 etipse
860 1550 1007 1610 commisi.
1039 1549 1103 1610 Sed
1119 1551 1171 1611 ubi

193 1643 251 1696 tam
266 1650 397 1708 aequum
410 1632 541 1694 iudicem
555 1634 714 1694 invenies?
734 1633 763 1692 ls
781 1633 833 1709 qui
845 1633 955 1694 nultius
970 1649 1030 1693 non
1044 1650 1172 1694 uxorem
1262 1644 1263 1668 ¹

192 1717 383 1792 concupiscit
409 1724 439 1777 et
465 1715 539 1777 satis
565 1717 662 1778 iustas
685 1732 796 1778 causas
818 1723 904 1792 putat
924 1718 1060 1791 amandi,
1086 1719 1172 1793 quod

191 1801 289 1861 aliena
304 1809 366 1876 est,
386 1802 467 1861 idem
487 1815 614 1861 uxorem
636 1817 722 1861 suam
738 1801 857 1876 adspici
872 1816 932 1860 non
948 1802 1022 1860 vuit.
1054 1809 1084 1862 et
1098 1802 1172 1862 iidei

190 1885 355 1946 acerrimus
371 1892 496 1946 exactor·
512 1892 559 1946 est
572 1885 720 1959 perfidus.
754 1892 784 1944 et
799 1883 958 1952 menoccle
975 1886 1172 1962 persequitur

189 1969 258 2045 ipse
271 1969 421 2044 periurus.
449 1978 478 2030 et
498 1969 577 2028 litem
593 1967 651 2028 sibi
667 1969 770 2029 inierri
788 1969 955 2044 aegerrime
972 1969 1173 2030 calumniator

190 2053 310 2128 patitur.
333 2051 507 2128 pudicitiam
521 2052 712 2112 servulorum
726 2067 851 2112 suorum
865 2053 1014 2113 adtentari
1031 2069 1092 2112 non
1108 2055 1173 2114 vult

160 2141 178 2196 a
191 2135 242 2210 qui
259 2151 318 2194 non
335 2136 473 2211 pepercit
486 2151 571 2195 suae.
600 2137 708 2196 Aliena
722 2136 795 2196 vitia
809 2137 838 2194 in
856 2135 953 2196 ocutis
967 2135 1131 2209 habemus,
1153 2153 1173 2196 a

187 2227 274 2292 tergo
295 2225 402 2280 nostra
422 2225 506 2280 sunt:
531 2218 602 2278 inde
621 2226 681 2292 est,
704 2219 788 2296 quod
804 2219 985 2294 tempestiva
998 2219 1050 2278 filii
1066 2219 1171 2280 convi-

187 2302 237 2362 via
258 2311 344 2376 pater
365 2304 496 2363 deterior
518 2302 580 2363 titio
605 2303 732 2378 castigat
753 2311 783 2364 et
803 2301 875 2362 nihil
896 2302 1014 2362 atienae
1030 2304 1171 2364 luxuriae

187 2386 320 2460 ignoscit
340 2387 391 2462 qui
413 2385 485 2446 nihii
506 2401 582 2446 suae
602 2386 733 2461 negarit.
772 2393 801 2446 et
820 2385 992 2446 homicidae
1018 2394 1170 2462 tyrannus

188 2469 329 2531 irascitur
342 2476 372 2530 et
392 2470 477 2546 punit
491 2471 571 2531 iurta
584 2470 763 2546 sacrilegus.
795 2469 906 2544 Magna
921 2485 995 2545 pars
1013 2469 1171 2531 hominum

189 2559 236 2614 est
252 2570 331 2629 quae
346 2571 405 2614 non
425 2554 559 2630 peccatis
574 2554 728 2628 irascitur,
751 2554 808 2616 sed
829 2552 1037 2628 peccantibus.
1064 2553 1171 2625 Faciet

187 2652 245 2696 nos
260 2637 481 2698 moderatiores
495 2644 657 2712 respectus
672 2638 778 2710 nostri,
796 2637 821 2696 si
838 2637 1082 2698 consuluerimus
1094 2654 1171 2698 nosa

179 2720 334 2801 numquid
355 2728 384 2780 et
407 2723 466 2796 ipsi
488 2721 602 2795 aliquid
623 2722 682 2780 tate
703 2720 932 2780 commisimus?
952 2721 1102 2796 numquid
1124 2721 1171 2782 sic

165 2878 169 2882 .
187 2804 376 2864 erravimus?
395 2805 559 2879 expeditne
575 2804 664 2863 nobis
681 2803 739 2864 ista
755 2804 920 2863 damnaret

247 2887 351 2945 XXIX.
372 2886 537 2948 Maximum
551 2887 717 2947 remedium
731 2887 794 2947 irae
810 2903 894 2960 prora
908 2896 963 2948 est.
984 2889 1051 2948 Hoc
1065 2887 1104 2948 ab
1119 2889 1171 2950 itta

186 2975 256 3044 pete
277 2969 377 3042 initio,
398 2987 458 3030 non
480 2979 514 3032 ut
532 2972 686 3046 ignoscat,
708 2971 763 3031 sed
784 2977 817 3030 ut
836 2971 962 3030 iudicet:
983 2971 1118 3046 desinet,
1143 2971 1170 3032 si

186 3061 354 3128 exspectat.
382 3069 439 3114 nec
459 3055 632 3115 universam
648 3055 729 3114 illam
743 3055 939 3134 temptaveris
953 3055 1070 3115 tollere.
1100 3070 1170 3130 gra-

187 3151 241 3196 ves
264 3136 355 3197 habet
373 3136 495 3212 inpetus
516 3138 648 3214 primos:
677 3145 739 3199 tota
761 3139 912 3212 vincetur,
935 3139 1007 3198 dum
1029 3139 1170 3213 partibus

157 3218 328 3294 2carpitur.
361 3220 409 3280 Ex
431 3220 479 3282 his
501 3237 581 3296 quae
602 3238 659 3282 nos
681 3221 856 3294 offendunt,
877 3221 937 3282 alia
957 3222 1171 3282 renuntiantur

185 3302 284 3376 nobis,
299 3304 359 3372 alia
373 3304 432 3378 ipsi
447 3305 587 3365 audimus
603 3312 655 3364 aut
669 3303 818 3365 videmus.
840 3305 885 3366 De
899 3305 937 3364 iis
953 3321 1032 3380 quae
1047 3313 1171 3370 narrata

185 3393 270 3460 sunt,
291 3403 352 3446 non
369 3389 516 3448 debemus
531 3389 589 3448 cito
606 3389 748 3449 credere=
770 3391 854 3450 multi
869 3390 1053 3450 mentiuntur
1067 3398 1101 3449 ut
1115 3391 1171 3450 dc·

185 3469 312 3544 cipiant,
334 3471 431 3544 mutti,
454 3473 524 3545 quia
540 3472 660 3546 decepti
675 3479 755 3532 sunt.
784 3473 862 3532 atius
877 3471 1084 3534 criminatione
1098 3488 1168 3546 gre·
