2546 3890
154 259 163 278 ⁹
213 249 278 312 256
400 249 434 307 t.
452 247 600 308 aarum
621 245 796 309 SENECAE
820 246 998 306 oluntxri.

212 398 274 459 ruit
288 405 318 458 et
331 397 404 457 nihil
415 396 445 456 in
456 395 576 456 tristitia
586 395 778 471 supervacua
790 396 942 471 stultaque
954 395 1088 458 detinuit.
1113 397 1191 458 Cum

212 482 263 542 his
278 489 308 542 te
322 479 472 541 numerari
492 481 610 540 feminis
626 482 714 540 voio=
736 495 862 554 quarum
877 478 1108 556 vitamsemper
1121 481 1191 541 imi·

182 605 184 610 -
216 573 277 625 tato
292 580 340 637 es,
357 579 461 624 earum
475 563 505 623 in
520 563 691 623 coercenda
705 563 985 639 conprimendaque
996 565 1190 638 aegritudine

216 649 329 724 optime
344 645 484 724 sequeris
498 647 681 722 exemplum.

188 743 203 795 t
269 731 370 791 XVII.
392 730 463 791 Scio
482 746 548 790 rem
568 735 629 791 no'n
650 743 722 790 esse
738 731 768 790 in
783 737 888 791 nostra
903 737 1053 804 potestate
1068 745 1128 790 neo
1143 733 1189 792 ut·

215 817 278 875 ium
298 815 451 874 adiectum
470 815 600 887 servire,
621 813 743 873 minime
758 829 830 874 vero
847 829 932 886 eum,
956 814 1062 889 quiex
1078 813 1188 876 dolore

214 897 360 958 nascitur.
393 899 480 957 ierox
497 896 624 956 enimet
641 897 792 958 adversus
814 912 904 958 omne
924 897 1092 958 remedium
1114 913 1187 958 con-

214 990 320 1041 tumax
339 987 396 1042 est.
431 981 582 1042 Volumus
604 981 721 1040 interim
742 980 823 1042 illum
845 981 975 1040 obruere
990 987 1021 1039 ct
1035 981 1188 1041 devorare
1261 1013 1262 1076 p

215 1067 359 1138 gemitum
373 1063 552 1139 peripsum
566 1070 666 1124 tamen
682 1063 875 1138 conpositum
891 1063 1056 1138 fictumque
1071 1065 1188 1132 voltum
1261 1077 1262 1150 t

214 1149 357 1208 lacrimae
379 1147 612 1222 profunduntur.
645 1147 738 1207 Ludis
759 1147 877 1208 interim
897 1155 949 1207 aut
964 1145 1187 1222 gladiatoribus
1261 1155 1262 1212 1

211 1232 347 1295 animum
361 1247 564 1306 occupamus:
585 1231 709 1290 atilium
720 1231 1017 1306 interipsa„qumus
1029 1237 1187 1305 avocatur,
1261 1255 1262 1258 ¹

183 1323 203 1374 2
216 1316 392 1390 spectacula
403 1315 479 1374 levis
490 1316 593 1390 atiquo
603 1315 748 1396 desiderii
759 1314 969 1377 notasubruit.
990 1314 1063 1376 ideo
1076 1315 1187 1376 metius

211 1406 263 1459 est
279 1397 401 1459 vincere
421 1399 504 1458 iilum
524 1415 615 1474 quam
636 1399 750 1458 saltere.
779 1413 850 1458 narn
871 1399 922 1473 qui
942 1399 1069 1459 delusus
1086 1407 1117 1461 et
1132 1417 1186 1460 vo-

212 1482 379 1558 iuptatibus
403 1489 455 1542 aut
476 1481 728 1557 occupationibus
749 1482 898 1544 abductus
919 1488 981 1556 est,
1003 1483 1139 1558 resurgit
1157 1491 1189 1544 et
1261 1481 1262 1506 ¹

188 1635 190 1638 ¹
212 1566 284 1640 ipsa
305 1563 407 1640 quiete
428 1565 563 1640 inpetum
581 1565 621 1625 a'd
635 1565 833 1648 saeviendum
848 1565 976 1641 colligit:
998 1572 1029 1626 at
1043 1567 1187 1642 quisquis

211 1648 324 1710 rationi
339 1646 446 1722 cessit,
466 1649 495 1707 in
509 1655 689 1724 perpetuum
700 1649 890 1725 conponitur.
920 1650 988 1711 Non
1001 1649 1188 1726 semitaque

210 1732 267 1792 tibi
287 1732 338 1791 itta
357 1737 595 1803 monstraturus,
619 1731 731 1808 quibus
745 1749 820 1794 usos
836 1735 1033 1802 essemultos
1048 1733 1130 1808 seio,
1153 1742 1188 1796 ut

210 1815 457 1890 peregrinatione
471 1822 501 1876 te
515 1817 564 1875 vei
579 1817 672 1890 ionga
686 1815 823 1876 detineas
836 1817 887 1876 vel
898 1833 1029 1878 amoena
1040 1817 1186 1888 delectos
1261 1871 1262 1890 ,

210 1905 246 1959 ut
267 1899 418 1960 rationum
440 1898 685 1974 accipiendarum
705 1899 875 1974 diligentia,
896 1899 1069 1975 patrimonii
1083 1897 1186 1961 admi·
1261 1901 1262 1956 i

114 2015 115 2020 κ
192 1999 195 2006 ’
212 1981 395 2044 nistratione
407 1985 533 2044 muitum
550 1997 683 2058 occupes
698 1984 859 2058 temporis,
881 1989 916 2044 ut
929 2000 1144 2060 sempernovo
1156 1991 1187 2046 te

210 2066 316 2141 aliquo
338 2066 460 2141 negotio
476 2066 619 2141 ioptioes=
648 2065 750 2126 omnia
763 2065 821 2128 ista
837 2067 877 2126 ad
893 2068 1033 2142 exiguum
1049 2085 1186 2129 momen-

213 2157 277 2208 tum
291 2155 422 2224 prosunt
434 2165 492 2209 ncc
504 2149 640 2210 remedia
655 2149 786 2224 doloris,
808 2151 864 2210 sed
879 2150 1087 2226 inpedimenta
1103 2161 1186 2213 sunt.

178 2235 272 2306 eego
288 2239 388 2292 autem
403 2234 482 2293 malo
498 2233 579 2293 ilium
593 2233 734 2292 desinere
746 2250 835 2310 quam
847 2233 957 2310 decipi.
991 2235 1100 2310 ltaque
1114 2237 1139 2294 ii
1149 2238 1186 2296 to

152 2387 156 2398 .
213 2322 249 2374 te
270 2315 383 2388 duco,
408 2331 482 2390 qno
505 2317 697 2388 omnibus,
722 2318 784 2390 qui
800 2319 991 2378 fortunam
1013 2320 1185 2393 fugiunt,

207 2399 516 2483 ⁴confugiendum
537 2407 609 2474 cst,
632 2401 678 2460 ad
699 2401 883 2461 liberalia
902 2403 1048 2468 studia:
1070 2403 1122 2484 iila
1137 2419 1186 2462 sa-

165 2495 166 2499 ’
208 2483 330 2542 nabunt
348 2485 459 2544 volnus
481 2491 579 2559 tuum,
592 2483 652 2544 ‘ilia
672 2499 791 2546 omnem
812 2484 961 2545 tristitiam
975 2485 1029 2545 tibi
1044 2487 1187 2546 cvettent.

211 2565 260 2626 his
275 2566 393 2628 etiamsi
404 2584 571 2643 numquam
582 2568 765 2642 adsuesses‚
780 2585 861 2630 nunc
872 2570 1018 2630 utendum
1031 2575 1106 2628 erat.
1128 2570 1188 2628 sed

212 2658 359 2724 quantum
378 2651 431 2712 tibi
452 2651 548 2728 patris
569 2652 628 2712 mei
644 2651 788 2726 antiquus
802 2651 886 2727 rigor
903 2651 1054 2728 permisit,
1076 2667 1185 2715 ornnes

212 2733 311 2796 honus
327 2741 408 2796 artes
424 2753 483 2797 non
501 2735 624 2812 quidem
641 2734 903 2811 conprehendisti,
926 2737 1059 2812 adtigisti
1074 2745 1186 2800 tamen.
1261 2763 1262 2772 ¹

178 2816 332 2878 4Utinam
347 2819 471 2895 quidem
485 2820 620 2883 virorum
632 2820 779 2894 optimus,
795 2824 882 2896 pater
891 2836 994 2894 meus,
1010 2822 1111 2882 minus
1123 2838 1186 2882 ma·
1261 2849 1262 2906 p

212 2901 309 2963 iorum
322 2901 535 2964 consuetudini
546 2902 667 2963 deditus
676 2904 825 2966 voluisset
835 2911 866 2965 te
877 2905 1050 2980 praeceptis
1063 2905 1186 2980 sapien·
1261 2909 1262 2982 t

212 2985 273 3046 tiae
287 2986 400 3047 erudiri
421 2985 627 3060 potiusquam
649 2986 746 3047 inbuit
776 3005 836 3049 non
852 2987 1090 3062 parandumtibi
1105 3005 1186 3050 nuno
1224 3009 1226 3016 ·

213 3077 318 3130 contra
339 3071 489 3130 fortunam
504 3078 588 3130 esset
604 3070 763 3144 auxilium,
786 3071 842 3132 sed
858 3073 1090 3148 proferendum
1113 3089 1185 3148 pro·

212 3152 393 3227 poterimus,
416 3168 495 3228 quae
514 3153 608 3214 literis
629 3171 690 3215 non
712 3155 751 3214 ad
772 3155 952 3230 sapientiam
966 3161 1105 3230 utuntur,
1129 3157 1186 3216 sed

212 3233 259 3291 nd«
268 3234 415 3295 luxuriam
432 3236 634 3316 instruuntur,
657 3238 801 3298 minusto
813 3239 975 3314 indulgere
987 3239 1097 3301 studiis
1114 3257 1185 3315 pos·
1261 3257 1262 3262 ¹

207 3330 266 3375 sus
287 3322 344 3374 cst.
372 3318 523 3379 beneflcio
542 3328 642 3380 tamen
662 3323 783 3395 rapacis
802 3320 916 3396 ingenii
932 3323 1002 3398 pius
1019 3341 1110 3398 quam
1128 3340 1185 3398 pro

210 3405 349 3471 tempore
369 3397 507 3460 hausisti.
537 3401 616 3464 iacta
636 3411 707 3464 sunt
721 3403 956 3480 disciplinarum,
966 3407 1098 3468 omnium
1117 3407 1184 3468 iun-

206 3481 369 3540 damentaz
392 3497 472 3541 nunc
487 3485 526 3544 ad
546 3485 612 3546 illas
626 3494 803 3548 reverterer:
817 3495 912 3549 tutam
927 3496 957 3550 te
971 3491 1185 3566 praestabunt.
1261 3547 1262 3556 ,
