2522 3906
510 225 743 276 Pacuuium.
1101 242 1138 282 vit

112 381 192 426 nere,
212 364 301 428 quales
315 363 423 414 menduc
437 377 493 413 esse
506 362 604 413 soleant
618 364 644 412 iu
660 363 789 414 codicibus
801 370 853 414 tam
863 364 982 422 vetustis;
1002 380 1048 416 uec
1061 365 1138 418 credo

113 436 160 498 qni
179 435 243 483 nutis
259 433 363 483 critiooe
379 432 454 498 periti
470 440 544 493 snut,
561 432 714 492 miraturos,
733 433 802 496 qnod
817 433 841 484 in
861 433 990 482 mendosis
1007 433 1069 484 locis
1087 449 1138 484 nou

115 503 253 562 recondita
269 501 365 565 alique
375 511 400 552 et
417 503 505 566 ignote
521 501 646 550 vocabula
663 501 809 566 indaganda
822 502 965 552 existimavi
979 503 1025 551 sed
1037 502 1078 553 vei
1092 518 1137 554 uo-

114 573 219 622 tissima
236 580 262 620 et
276 570 357 621 multo
373 585 422 620 usu
437 571 495 619 trita
510 571 622 634 reposui.
636 569 847 633 vetusvineis,
865 568 908 628 13,
926 567 953 620 9.
973 585 1032 620 cnm
1048 571 1074 621 in
1090 586 1138 636 op·

111 642 180 690 timo
197 640 257 696 cod.
274 639 385 706 legatur:
404 651 485 703 qnae
503 645 559 688 unt
576 638 663 688 ferte
681 645 753 688 sunt
770 637 952 688 mendaciis
971 646 1026 688 snt
1043 639 1139 690 simi·

114 709 178 768 iia,
203 709 333 758 Fickertns
355 709 382 758 id
402 707 561 758 tolerandum
578 707 715 767 indicavit;
739 707 835 756 novicii
853 705 951 757 librarii
973 708 1139 760 emendarunt

114 779 201 829 fieta
224 779 376 837 scribentes,
398 791 448 827 non
473 775 572 832 iactu
597 775 706 839 deniqne
723 775 857 838 Erasmus,
882 789 958 838 quem
978 775 1081 840 plurimi
1098 791 1138 826 ae-

115 847 170 896 cnti
184 855 257 910 snut,
274 846 470 911 transpositione
484 843 598 894 adhibito
611 845 648 894 sie
660 844 776 908 scripsit:
795 858 878 908 quae
890 851 948 893 ant
967 843 1047 895 iicta
1064 851 1138 894 sunt

114 921 176 964 aut
195 915 377 964 mendaciis
394 913 533 963 similia.
561 927 610 978 ego
628 913 706 962 muito
723 911 865 978 simplicius
889 912 977 962 farta
997 914 1093 964 mutavi
1112 913 1139 962 in

113 983 225 1049 peria,
244 983 312 1046 quod
328 983 401 1032 unice
418 997 504 1033 verum
520 981 635 1040 videtum
653 996 712 1031 nam
728 982 784 1032 sive
799 980 886 1031 ferta
903 981 957 1032 sive
975 980 1057 1032 iiota
1073 983 1138 1032 scri-

115 1053 183 1110 bas,
201 1059 317 1101 neutrum
333 1052 358 1100 in
375 1065 419 1100 eos
434 1051 515 1112 cedit,
530 1065 595 1114 quos
608 1047 704 1100 Seneca
716 1049 809 1100 fatetur
821 1049 871 1100 iide
884 1049 951 1099 bona
964 1050 1062 1110 dicere;
1080 1065 1138 1116 ps·

116 1121 169 1169 ria
184 1127 302 1170 autemst
315 1119 443 1187 similia
456 1119 605 1184 saepissime
615 1129 812 1184 componentem
829 1117 882 1168 vid.
891 1117 977 1168 Bnrm.
987 1120 1021 1168 ed
1031 1119 1137 1180 Quintil.

115 1187 231 1255 decium.
241 1189 306 1248 vili,
324 1204 346 1238 o.
356 1189 381 1238 4.
400 1189 434 1239 oi.
445 1189 480 1239 ib.
490 1187 523 1248 V,
539 1203 561 1238 c.
571 1186 614 1239 ts.
631 1203 653 1236 c.
665 1187 707 1238 to.
725 1187 769 1246 XI,
785 1187 838 1238 c.5
854 1196 918 1237 extr.
935 1187 1013 1236 Kritz.
1028 1189 1062 1238 nd
1075 1187 1137 1238 Sall.

117 1256 178 1310 (iat.
189 1273 211 1306 o,
222 1257 263 1318 14,
277 1261 302 1307 4.
324 1257 375 1307 Cic.
386 1257 418 1307 de
431 1264 483 1307 nat.
494 1256 522 1305 d.
533 1257 564 1320 11,
581 1257 621 1321 10,
636 1256 711 1317 328.
730 1255 811 1322 Legg.
822 1257 842 1315 1,
852 1256 893 1314 10,
906 1257 929 1318 S.
937 1255 980 1306 29.
995 1256 1138 1318 niexxn,

114 1327 162 1385 46,
184 1326 210 1377 5.
231 1323 304 1376 Ovio.
325 1325 400 1377 Trist.
411 1327 448 1387 11,
466 1323 527 1376 431.
546 1323 819 1385 Quintit.x,1‚102.
838 1331 914 1388 stqne
933 1325 971 1373 ita
986 1325 1044 1390 ipse
1061 1327 1137 1376 etiam

116 1393 219 1444 Seueeu
233 1393 353 1454 maim,
374 1394 417 1455 10,
436 1393 450 1444 1
469 1401 494 1443 et
510 1391 537 1444 3.
625 1433 626 1437 ,

189 1463 252 1512 item
267 1461 334 1514 Diai.
344 1461 412 1523 vm,
428 1463 452 1526 1,
467 1465 492 1522 4,
507 1461 551 1511 ubi
565 1463 591 1512 iu
606 1461 772 1513 deterioribus
786 1461 858 1512 libris
873 1468 926 1511 est:
945 1463 1030 1512 eruti
1046 1473 1139 1514 mauu

115 1531 158 1581 vei
177 1539 273 1582 eruta
287 1545 394 1598 mann,
412 1533 437 1581 in
447 1531 542 1596 optimo
557 1531 638 1580 eniti
652 1545 757 1591 menn,
770 1531 873 1596 Lipsius
883 1531 1002 1582 coniecit:
1022 1540 1137 1592 mente,

116 1615 227 1664 manu,
250 1599 422 1666 Rnhkopiins:
446 1599 516 1649 miti
539 1613 646 1659 manu,
670 1599 734 1649 nibil
756 1601 782 1649 in
798 1615 852 1650 rem
874 1601 1029 1665 propositam
1052 1602 1137 1666 aptius

114 1676 176 1718 eret
192 1683 269 1733 qnam
284 1669 393 1728 scribere
414 1665 513 1719 senili
532 1683 625 1718 mann
643 1670 780 1718 mutatione
798 1669 942 1728 levissima,
960 1685 1018 1722 cum
1029 1685 1043 1720 a
1055 1668 1139 1720 littera

116 1739 227 1802 perierit
245 1739 277 1787 ob
295 1739 482 1788 antecedentem
499 1737 622 1798 eandem,
639 1745 650 1787 t
664 1736 739 1788 facile
759 1753 791 1787 ex
808 1740 819 1786 ἱ
835 1745 894 1788 uate
910 1739 951 1787 sit.

191 1806 260 1856 Loco
277 1815 361 1856 autem
377 1821 459 1872 paene
475 1805 609 1870 desperato
628 1807 660 1856 de
676 1805 754 1858 (ilem.
769 1807 805 1867 Π,
821 1806 852 1866 d,
868 1805 885 1857 3
900 1807 990 1857 videor
1006 1807 1067 1858 mibi
1084 1823 1138 1858 rem

115 1875 218 1940 optime
235 1875 361 1940 gessisse,
380 1875 448 1939 quod
466 1881 689 1924 aeruscantem
707 1876 808 1925 civem
824 1873 928 1942 expuli,
948 1889 1023 1938 quem
1041 1876 1138 1926 Grono-

116 1945 179 1992 vius
195 1942 324 1993 doctrinae
345 1944 426 2008 copiis
443 1943 510 1994 male
526 1957 589 1992 nsns
606 1943 682 2008 longo
698 1945 864 1994 arcesatveret
882 1960 914 1994 ex
926 1942 999 1994 Festo
1015 1952 1040 1994 et
1058 1943 1138 1994 Gellio

116 2013 199 2074 idque
219 2025 251 2060 eo
274 2011 345 2072 ioco,
367 2027 417 2076 quo
440 2013 472 2063 de
495 2012 550 2062 cive
571 2011 682 2077 cogitare
704 2012 887 2063 alienissimum
903 2017 955 2072 est3
979 2029 1027 2080 ego
1043 2013 1138 2064 codicis

117 2080 256 2146 Nauariani
273 2079 370 2130 litteras
386 2088 503 2130 accurate
518 2087 634 2140 secutus,
653 2081 701 2130 nisi
717 2081 786 2144 qnod
799 2081 841 2132 hio
856 2096 956 2146 quoqne
969 2082 1138 2148 iprotposni

9 2189 11 2192 .
116 2157 143 2200 et
159 2161 257 2214 paucas
272 2149 335 2199 elias
350 2150 455 2200 mendas
473 2147 621 2200 manifestus
633 2149 668 2198 ita
683 2151 781 2200 correxi
795 2159 823 2199 ut
838 2149 881 2201 alii
894 2150 1019 2216 fecerent,
1036 2167 1050 2200 e
1065 2165 1138 2200 mou·

114 2225 205 2267 strosn
222 2218 345 2284 sciptura
366 2219 531 2268 obcrnseti
553 2218 781 2269 coinseredum
800 2227 856 2268 aut
872 2233 979 2284 pauno
996 2219 1057 2268 iem
1073 2233 1138 2268 ma-

116 2287 204 2336 ciem
220 2291 251 2334 et
267 2287 297 2335 in
315 2301 426 2336 noxam
445 2285 563 2337 bacuio
579 2293 783 2337 senectutem
801 2287 877 2337 elicui
895 2302 980 2338 veram
997 2287 1075 2337 hane:
1101 2287 1138 2336 ob

115 2369 196 2404 crus
213 2353 358 2404 alicuius
377 2355 502 2410 ericium
520 2361 576 2406 ant
596 2369 775 2420 pannosam
792 2357 928 2406 meoiem
947 2364 978 2406 et
995 2357 1139 2405 innixam

9 2459 10 2470 .
115 2421 241 2474 bacuio
258 2431 475 2483 senectutem,
499 2439 560 2474 saue
577 2437 624 2488 pro
642 2424 724 2475 doctis
745 2425 795 2474 iliis
814 2425 935 2476 Gronovii
952 2425 1069 2488 cupediis
1085 2437 1139 2473 rem

115 2491 296 2542 tenuissimam
314 2500 338 2542 et
358 2493 504 2558 despectum
521 2507 681 2560 proponens,
700 2494 747 2543 sed
762 2507 827 2556 qnae
844 2495 902 2558 ipsa
918 2500 957 2542 est
974 2493 1079 2542 oonsilio
1093 2490 1138 2542 Se-

115 2574 199 2610 uecse
219 2559 365 2624 aptissima3
388 2562 425 2611 ita
446 2563 512 2612 euim
537 2575 631 2626 magua
655 2563 780 2628 gravitate
803 2561 840 2610 rei
862 2561 1015 2625 indignitas,
1040 2561 1071 2610 de
1088 2575 1138 2623 qua

116 2628 220 2694 egitur,
239 2628 432 2680 demonstretur.
469 2629 532 2681 (irus
548 2631 646 2681 eridnm
660 2640 689 2681 nt
704 2632 729 2679 in
747 2629 905 2694 elegantibus
919 2628 1063 2679 homiuibus
1078 2643 1138 2678 con-

116 2696 240 2747 tumeliae
255 2697 310 2747 loco
329 2705 381 2758 est,
400 2699 436 2748 itu
450 2699 518 2748 idem
536 2700 563 2750 in
581 2700 685 2764 egenis,
705 2699 771 2748 inme
787 2714 817 2748 ac
832 2699 911 2748 macic
927 2696 1049 2747 coniectis
1063 2699 1138 2748 mise-

116 2765 259 2816 ricorditem
282 2773 307 2816 et
324 2766 365 2817 vel
382 2767 498 2817 lacrimas
516 2783 566 2818 nou
583 2769 686 2831 quidem
702 2768 843 2832 sapientum
860 2767 907 2817 aed
928 2765 1040 2816 mollium
1056 2765 1137 2816 homi·

115 2849 183 2884 uum
198 2834 309 2884 excitare
323 2842 416 2900 potest.
451 2836 521 2886 Dixit
536 2847 621 2886 entem
638 2837 730 2886 arida
745 2851 838 2886 crura
854 2835 927 2886 Ouid.
939 2837 972 2884 Α.
982 2835 1065 2896 sm,
1075 2835 1136 2886 272.

114 2902 152 2952 ci.
171 2901 245 2952 Rem.
262 2904 320 2956 Am.
331 2902 390 2954 317.
409 2919 457 2954 neo
469 2902 565 2956 Seneca
580 2906 712 2956 hominnm
727 2920 801 2956 crura
815 2905 940 2971 neglexit5
964 2903 1135 2963 studiana,

119 2970 162 3030 tu,
182 2971 207 3020 4.
228 2969 270 3030 18,
287 2972 313 3022 1.
333 2972 414 3036 Epist.
425 2971 468 3034 ot,
484 2972 528 3025 18.

190 3037 324 3090 Praeterea
343 3041 370 3090 iu
388 3042 494 3092 vetustis
516 3043 587 3092 libris
608 3043 658 3092 iliis
678 3043 754 3092 etism
777 3041 904 3092 scribendi
922 3041 1071 3106 compendia
1086 3055 1137 3091 nou

114 3114 256 3172 potuerunt
277 3108 338 3158 talin
360 3123 430 3174 esse,
455 3111 540 3174 qualis
560 3119 649 3176 postea
666 3111 822 3174 frequentata
850 3117 922 3169 snut;
946 3117 1022 3173 atque
1042 3111 1137 3160 codicis

116 3175 224 3226 Medici.
241 3177 359 3227 librarius
373 3179 417 3228 nbi
435 3178 595 3230 festinantius
613 3181 726 3246 scripsit,
742 3179 769 3228 id
788 3179 856 3242 qnod
874 3179 985 3229 maxime
1002 3179 1094 3230 accidit
1111 3179 1138 3228 iu

115 3243 189 3294 Diei.
199 3244 254 3310 Vl,
271 3261 322 3296 non
339 3249 414 3296 certis
430 3249 587 3313 compendiis
604 3263 667 3298 usus
683 3257 733 3309 est,
752 3248 799 3298 scd
813 3262 890 3298 voces
906 3249 984 3298 veniis
997 3249 1080 3298 modis
1091 3245 1137 3296 aii-

114 3313 223 3376 quaudo
238 3315 265 3362 iu
283 3313 382 3374 medio,
399 3315 549 3380 plerumque
565 3317 592 3367 in
609 3317 660 3367 bue
679 3317 817 3377 truncavit3
837 3317 922 3378 itaque
936 3317 963 3366 in
977 3316 1021 3366 ilis
1034 3316 1137 3378 quidem

114 3380 179 3432 iibri
191 3389 267 3446 perte
278 3381 405 3448 Diatvt,
416 3385 465 3450 -17,
481 3385 507 3436 6.
524 3400 571 3451 pro
589 3386 707 3450 incidi,
727 3384 796 3448 qnod
811 3385 893 3435 est-in
911 3385 1013 3448 codice,
1030 3397 1081 3433 non
1098 3391 1136 3430 est

115 3449 245 3500 audacius
260 3451 440 3502 incidisset
455 3454 566 3504 seribere
579 3469 655 3516 quom
673 3454 805 3508 incidit;
824 3451 887 3502 ittoo
902 3453 985 3516 poscit
998 3449 1136 3498 sententiae

114 3525 253 3572 structum.
276 3519 325 3570 hoo
339 3522 363 3570 si
378 3536 466 3572 verum
483 3530 564 3586 esset,
581 3523 626 3572 vix
641 3523 703 3570 tanti
721 3528 775 3570 erat
790 3521 894 3570 librario
908 3532 985 3566 uuam
1001 3513 1133 3563 litterulam
