2554 3888
205 237 269 302 εει
406 237 440 296 a.
460 208 607 297 unuani
630 233 803 294 sunnone
826 233 976 293 uranx.

82 453 85 460 ,
107 393 109 398 ’
207 399 354 466 percepta
369 377 448 448 sunt.
472 389 511 446 de
528 394 628 447 cetero
644 387 706 447 fors
720 387 855 458 fortuna,
877 393 910 446 ul
924 386 1020 456 volet,
1043 387 1178 446 ordinet:

207 475 269 534 vila
289 474 347 532 iam
368 473 399 530 in
418 479 481 532 tuto
496 478 552 530 est.
587 469 659 529 huie
674 469 753 529 adioi
768 477 883 544 potest,
905 469 1023 530 detrahi
1038 469 1127 542 nibil,
1150 479 1180 529 et
1259 481 1260 488 ¹

207 557 286 617 adiel
297 557 357 630 εἰε,
373 554 629 630 quemadmodum
641 560 745 612 saturo
757 552 816 611 iam
828 569 864 612 ao
877 553 966 627 pleno
979 553 1095 628 aliquid
1105 553 1179 612 eibi:
1259 607 1260 612 ,

59 629 62 633 ’
166 641 292 716 loquod
313 655 371 698 neo
394 639 561 708 desiderat,
585 638 675 710 capit.
707 636 774 696 Non
792 643 840 696 est
855 637 958 710 ltaque
971 637 1057 711 quod
1073 653 1179 710 quem-

207 739 297 799 quam
312 728 436 799 propler
451 736 546 780 canos
559 726 611 779 aut
620 735 713 793 rugas
725 727 814 794 putes
827 719 879 779 diu
889 719 1021 779 vixisse:
1043 727 1116 793 [non
1129 721 1180 778 ille

207 807 260 867 diu
274 805 363 876 vixit,
380 805 448 876 sed]
466 804 517 863 diu
529 803 591 862 luit.
615 802 693 875 Quid
705 805 799 876 enim,
816 803 842 862 si
854 801 938 862 illum
950 805 1075 864 multum
1088 811 1179 878 putes

206 889 386 962 navigasse,
410 901 499 962 quem
515 901 609 946 saeva
622 891 789 959 tempestas
803 901 823 944 a
837 892 927 959 portu
942 893 1103 960 exceptum
1119 886 1179 945 huo

142 1015 143 1018 ,
207 981 237 1032 et
251 973 321 1030 illue
334 971 402 1030 tulit
415 985 451 1028 εε
462 970 581 1028 vicibus
591 974 750 1026 ventorum
762 983 801 1026 ex
813 968 936 1027 diverso
950 969 1113 1028 furentium
1125 985 1181 1043 per

110 1061 112 1064 ’
207 1054 315 1114 eadem
336 1053 436 1128 spatia
456 1052 486 1110 in
507 1051 611 1112 orbem
627 1052 708 1125 egitl
734 1051 861 1110 nonille
876 1050 1001 1110 multum
1016 1053 1180 1126 navigavit,

208 1139 263 1198 sed
278 1138 403 1196 multum
418 1136 545 1194 laetalus
560 1141 616 1194 est.
695 1145 699 1155 ·

180 1226 195 1276 1
268 1220 347 1280 Vlll.
370 1219 472 1278 Mirari
487 1219 589 1292 soleo,
610 1232 679 1276 oum
693 1217 784 1276 video
801 1217 922 1291 aliquos
936 1226 1056 1292 tempus
1073 1225 1180 1293 peten-

165 1371 167 1376 ,
206 1312 254 1365 tes
266 1311 295 1364 et
306 1319 377 1375 eos,
394 1304 445 1378 qui
456 1309 609 1377 rogantur,
626 1298 802 1362 facillimos:
825 1301 899 1360 illud
910 1305 1039 1375 uterque
1050 1308 1179 1375 spectat,
1259 1311 1260 1320 ¹

207 1397 333 1464 propter
349 1387 431 1462 quod
447 1393 566 1460 tempus
582 1385 706 1459 petitum
721 1387 782 1458 εει,
804 1385 905 1460 ipsum
923 1385 1045 1460 quidem
1061 1393 1180 1444 neuter.

208 1473 296 1549 quasi
318 1471 390 1530 nihil
408 1469 531 1544 petitur,
556 1467 644 1544 quasi
659 1467 731 1527 nihil
747 1468 836 1529 datur
849 1484 899 1528 res
917 1469 1047 1528 omnium
1066 1470 1181 1543 pretio-

208 1556 345 1616 sissima:
368 1554 487 1613 luditur.
514 1553 600 1612 Fallit
617 1559 717 1611 autem
728 1553 813 1625 illos,
830 1553 963 1627 quiares
975 1552 1181 1626 incorporalis

207 1647 268 1712 est,
292 1638 364 1713 quia
385 1637 442 1696 sub
458 1637 566 1695 oeulos
582 1652 641 1695 non
658 1636 754 1708 venit,
775 1636 909 1710 ideoque
925 1636 1073 1695 vilissima
1088 1637 1181 1696 aesti-

179 1729 318 1794 rmetur,
341 1721 431 1780 immo
448 1735 546 1794 paene
559 1719 672 1778 nullum
684 1720 750 1778 eius
764 1720 892 1794 pretium
904 1727 968 1780 est..
982 1720 1095 1778 Annua
1106 1735 1181 1778 eon-

207 1806 302 1881 giaria
317 1805 457 1864 homines
473 1801 632 1864 clarissimi
645 1801 798 1877 accipiunt
812 1810 842 1862 et
858 1803 910 1875 [in]
926 1801 975 1862 llis
990 1809 1042 1862 aut
1053 1819 1182 1877 operam
1259 1847 1260 1874 ,

207 1896 259 1949 εει
270 1889 453 1964 diligentium
467 1889 678 1947 suamlooant:
694 1887 1067 1961 nemoaestimattempus.
1090 1893 1181 1946 utun-

206 1982 255 2033 tur
269 1973 320 2032 illo
338 1973 437 2031 laxius
455 1971 543 2046 quasi
559 1971 697 2044 gratuito.
732 1977 762 2030 at
776 1970 901 2030 eosdem
917 1985 1026 2044 aegros
1042 1969 1129 2044 vide,
1152 1971 1181 2030 si
1259 1991 1260 1996 ¹

207 2055 312 2116 mortis
335 2055 501 2130 periculum
524 2053 651 2129 propius
666 2059 715 2114 est
732 2050 900 2126 admotum,
923 2054 1113 2114 medicorum
1127 2071 1181 2128 ge-

207 2157 267 2198 nua
287 2145 456 2212 tangentes.
493 2138 519 2197 si
541 2145 677 2197 metuunt
698 2137 826 2212 capitale
849 2137 1047 2212 supplicium,
1078 2139 1182 2198 omnia

208 2238 279 2294 sua,
302 2229 335 2280 ut
349 2220 453 2280 vivont
466 2228 590 2296 paratos
605 2217 788 2296 inpendere=
811 2227 893 2280 tenta
908 2222 937 2280 in
951 2220 1009 2282 illis
1023 2221 1181 2282 discordia
1259 2249 1260 2252 ¹

179 2305 381 2364 3adleetuum
397 2313 452 2364 est.
486 2304 601 2378 Quodsi
614 2312 721 2380 posset
733 2305 989 2381 quemadmodum
1001 2306 1179 2380 praeterito—

206 2404 272 2446 rum
288 2404 434 2448 annorum
451 2389 600 2464 cuiusque
614 2405 758 2450 numerus
772 2389 918 2464 proponi,
935 2389 980 2448 sie
992 2390 1179 2450 futurorum:

182 2545 183 2548 Ἴ
208 2471 363 2546 quomodo
385 2473 440 2545 illi,
470 2471 522 2547 qui
546 2489 661 2547 paucos
685 2473 822 2532 viderent
837 2487 1018 2547 superesse,
1044 2472 1178 2547 trepida-

205 2563 287 2628 rent,
309 2556 465 2630 quomodo
482 2555 541 2616 illis
559 2562 742 2630 parcerent?
763 2555 857 2630 Atqui
872 2555 959 2614 facile
976 2562 1023 2615 εει
1038 2553 1180 2630 quamvis

207 2639 349 2713 exiguum
373 2639 568 2713 dispensare,
591 2638 674 2712 quod
691 2645 804 2698 eertum
820 2645 881 2698 est:
909 2639 939 2696 id
955 2638 1046 2698 debet
1060 2639 1180 2698 servari

178 2721 394 2796 ldiligentius,
412 2722 494 2796 quod
511 2721 632 2781 nescias
646 2721 769 2796 quando
783 2720 913 2781 deficiat.
933 2720 997 2780 Nee
1009 2729 1179 2796 esttamen,

209 2805 292 2880 quod
308 2813 397 2879 putes
413 2807 481 2865 illos
496 2805 652 2879 ignorare,
673 2820 763 2879 quarn
781 2819 915 2864 careres
932 2805 985 2862 sit=
1010 2805 1112 2864 dicere
1128 2821 1179 2864 so·

206 2889 269 2948 lent
284 2889 343 2960 eis,
366 2905 445 2963 quos
461 2889 637 2948 valdissime
649 2887 789 2962 diligunt,
811 2896 935 2963 paratos
948 2903 983 2947 se
994 2896 1112 2963 partem
1125 2905 1178 2948 an-

207 2989 314 3033 norum
336 2989 461 3033 suorum
484 2973 567 3031 dare.
604 2972 677 3030 dant
695 2987 752 3030 nec
773 2973 964 3046 intellegunt:
987 2972 1061 3032 dant
1078 2979 1178 3032 autem
1211 2967 1214 2972 '

207 3057 262 3127 ita,
284 3063 318 3116 ul
340 3057 406 3116 sine
426 3055 545 3116 illorum
568 3055 753 3114 incremento
774 3055 831 3116 sibi
848 3055 1014 3116 detrahant.
1047 3056 1104 3115 sed
1118 3055 1179 3115 hoo

208 3139 322 3210 ipsum,
345 3155 382 3198 an
405 3139 576 3212 detrahant,
597 3139 745 3198 nesciunt.
778 3139 848 3198 ideo
869 3137 1036 3199 tolerabilis
1052 3147 1100 3199 est
1119 3139 1178 3198 illis

178 3221 322 3284 eractura
337 3223 505 3282 detrimenti
527 3223 655 3282 latentis.
687 3223 782 3282 Nemo
797 3223 935 3284 restituet
951 3238 1065 3297 annos,
1087 3237 1178 3282 nemo
1259 3225 1260 3232 ’

206 3304 313 3363 iterum
328 3311 357 3362 te
372 3305 424 3364 libi
439 3305 556 3366 reddet.
578 3305 646 3380 ibit„
671 3322 731 3380 qua
746 3307 862 3382 eoepit,
885 3315 970 3368 εειεε
983 3321 1041 3366 neo
1054 3321 1178 3366 cursum

206 3402 295 3446 suum
318 3393 369 3446 aut
390 3388 546 3446 revocabit
567 3397 618 3448 aut
638 3391 815 3462 supprimet.
844 3390 917 3449 nihil
939 3391 1178 3461 tumultuabitur,

205 3470 277 3528 nibil
294 3468 469 3528 admonebit
482 3469 652 3530 velocitatis
667 3487 757 3530 suae:
785 3473 875 3534 ιεείιε
890 3474 1016 3533 labetur.
1051 3489 1113 3532 non
1129 3473 1179 3532 illa
1259 3523 1260 3556 ,
