2546 3890
106 211 983 312 unmnvuuuuumuuneonscmnuuur-u
998 246 1061 312 245

86 396 194 470 erede,
217 395 256 457 ab
277 395 345 470 itto,
368 395 509 472 quisquis
525 399 671 458 formator
684 399 819 460 uniuersi
836 401 904 475 tuit,
926 401 995 462 sive
1009 403 1061 466 iile

86 482 166 544 deus
187 486 364 555 carnotens
386 481 535 556 omnium,
561 482 628 542 sive
648 483 850 558 incorporalis
862 488 940 550 ratio
954 485 1057 561 ingen-

84 565 161 626 tium
177 579 302 638 operum
319 563 437 637 audient,
454 564 523 624 sive
536 565 663 626 diuinus
672 565 797 642 spiritus
814 583 872 642 per.
884 569 1057 635 emnia-ma·

3 641 4 654 ¹
84 647 169 708 xima
189 661 225 709 ae
246 647 369 709 minima
389 646 512 723 aequati
531 649 696 710 intentione
711 649 856 726 diffusus,
885 652 952 712 sive
965 655 1058 714 iatum

86 738 117 792 et
131 729 315 804 inmutabilis
331 747 498 793 causarum
509 732 589 792 inten
600 749 636 792 se
650 733 1001 800 cohaerentium-series:
1016 737 1056 809 id,

3 829 4 834 ¹
85 815 226 890 inquam,
243 823 342 878 actum
358 821 414 888 est,
430 823 464 876 ut
478 815 507 874 in
523 817 655 876 alienum
669 817 898 879 arbitriumnisi
911 819 1063 884 vilissima

87 914 230 974 quaeque
250 914 312 960 nun
333 899 486 972 caderent.
520 898 677 976 Quicquid:
692 901 838 976 optimum
861 901 975 963 homini
996 911 1085 976 est‚t

3 1039 4 1046 ,
86 982 118 1044 id
143 991 230 1045 extra
253 982 415 1046 humanam
440 983 606 1058 potentiam
626 983 714 1044 iacet
746 1001 806 1046 nec
827 986 891 1046 dari
906 1001 964 1052 nec
981 987 1062 1062 eripi

85 1075 197 1145 petest.
228 1066 360 1141 mundns
371 1067 437 1140 hie,
458 1082 520 1142 qun
536 1067 837 1147 nihilnequemaius
851 1071 1057 1145 neque-orna·
1073 1139 1075 1144 ¹

84 1153 145 1214 tius
164 1167 266 1212 rerum
286 1159 398 1225 napura
414 1151 533 1226 genuit,
552 1151 671 1222 animus
692 1156 914 1229 contemplator
927 1153 1058 1213 admira·

84 1243 194 1310 torque
215 1233 334 1309 mnndi,
355 1234 840 1312 pars.eiusmagniiieentissima,
861 1235 988 1312 proprie
1003 1253 1056 1297 nu*

87 1319 133 1382 bis
148 1328 178 1380 et
191 1325 341 1394 perpetua
354 1325 385 1380 et
398 1318 514 1380 tamdiu
528 1319 689 1391 nobiscum
702 1336 848 1382 mansura
861 1328 940 1394 sunt
952 1336 1056 1396 quam·

86 1403 138 1466 diu
152 1403 212 1478 ipsi
227 1402 427 1464 manebimus.
448 1405 576 1464 Alacres
591 1406 695 1478 itaque
706 1411 735 1466 et
747 1404 850 1479 erecti,
862 1418 1083 1480 quocumquea

84 1503 135 1546 res
150 1486 417 1562 tuterit,intrepidu
432 1489 530 1562 gradu
544 1503 755 1562 properemus
777 1487 953 1556 emetiamur
964 1503 1055 1563 quas-

86 1585 217 1648 cumque
237 1577 350 1636 terrasr
373 1571 489 1633 nntium
509 1571 638 1630 inveniri
660 1571 791 1631 esitium,
805 1571 883 1632 intra
911 1573 1055 1632 mundum
1157 1626 1160 1634 ,

86 1659 214 1730 [ροι]οει
228 1653 359 1721 ebenum
368 1653 487 1717 homini
503 1659 583 1726 [esd.
616 1655 830 1730 undecumque
845 1670 1000 1730 exaequo
1017 1655 1056 1714 ad

87 1739 205 1805 coelum
230 1735 354 1812 erigitur
379 1739 477 1810 aciem,
503 1738 629 1814 paribus
649 1739 815 1798 intervallis
837 1741 937 1798 emnia
953 1737 1056 1800 divina

86 1821 124 1882 ab
135 1820 136 1823 ’
147 1819 288 1890 omnibus
307 1821 448 1882 humanis
463 1821 585 1882 distant.
617 1820 748 1882 Proinde
762 1822 834 1880 dum
849 1821 929 1882 oculi
944 1823 1003 1880 mci
1017 1821 1055 1880 ab
1068 1827 1085 1882 6

85 1905 135 1966 ilio
149 1906 341 1980 spectaculo,
364 1905 452 1964 cuius
470 1905 659 1966 insatiabiles
672 1911 759 1976 sunt,
780 1921 840 1966 nun
857 1905 1055 1978 abducantur,

87 1990 158 2058 dum
173 1989 244 2056 mihi
259 1989 355 2054 sutem
371 1990 535 2064 lunamque
548 1989 657 2050 intueri
672 1989 775 2061 liccat,
798 1988 869 2048 dum
884 1989 993 2048 ueteris
1010 1987 1055 2046 in-

85 2072 211 2142 haerere
236 2072 405 2142 sideribus,
432 2072 506 2134 dum,
526 2079 611 2136 ortus
632 2087 737 2134 eurum
759 2085 953 2144 occasusque
967 2079 997 2131 et
1010 2071 1055 2130 in,-

85 2157 212 2228 tervatiu,
223 2163 254 2216 ct
268 2171 379 2225 causas
391 2155 722 2230 investigaretvetecius
734 2156 856 2216 meandi
868 2156 915 2214 vel
928 2155 1053 2230 tardius,

3 2245 4 2248 ’
85 2242 226 2313 spectare
246 2245 291 2298 tut
310 2253 367 2312 per
387 2245 506 2301 noctem
529 2241 635 2303 stettas
655 2237 801 2300 micantes
822 2247 852 2300 et
865 2239 941 2300 alias
958 2237 1056 2298 inmo.-

84 2322 178 2395 bites,
206 2321 282 2382 atius
304 2337 365 2380 non
385 2321 415 2382 in
437 2337 582 2396 magnum
595 2323 726 2398 spatium
743 2329 892 2383 exeuntes
906 2319 962 2384 s'ed
977 2323 1056 2384 intra

85 2421 173 2465 suum
189 2421 226 2464 se
239 2405 483 2478 circumagentesv
492 2406 663 2481 vestigium,
679 2405 829 2480 quasdem
843 2406 944 2466 subito
957 2420 1055 2466 erum-

85 2497 208 2564 pentes,
231 2489 380 2564 quasdam
395 2489 465 2564 igne
480 2489 549 2552 iusu
564 2489 822 2564 praestringentes
836 2488 947 2560 aciem,
963 2491 1055 2564 quasi
1100 2548 1102 2551 ,

85 2572 242 2645 decidant,
268 2573 317 2641 vel
341 2573 434 2647 longe
461 2579 563 2642 tractu,
583 2589 651 2632 eum
674 2573 743 2636 luce
763 2573 857 2633 multa
879 2581 1054 2646 praeteruo-

83 2657 196 2728 lantes,
218 2657 289 2716 dum
310 2671 379 2717 cum
394 2656 441 2716 his
463 2656 519 2716 sim
534 2661 565 2718 et
578 2655 779 2728 coelestibus,
801 2671 864 2730 qua
877 2655 992 2716 honrini
1007 2657 1054 2716 ius

84 2746 145 2812 est,
167 2739 345 2814 inmiscear,
366 2739 438 2799 dum
454 2739 587 2804 animum
602 2739 641 2801 ad
657 2747 853 2812 cognatarum
868 2755 969 2799 rerum
981 2755 1054 2800 con·

83 2830 222 2897 spectum
237 2823 409 2892 tendentem
424 2823 454 2898 in
468 2821 589 2892 sublimi
607 2837 728 2898 semper
741 2822 886 2884 habeam:
909 2831 1055 2898 quantum

81 2906 175 2966 reiert
190 2921 268 2982 mea,
283 2905 357 2980 quid
371 2907 507 2966 calcem?

145 2989 195 3050 tx.
215 2991 277 3062 „At
292 3005 352 3050 non
369 2997 416 3050 est
429 2989 506 3051 haec
522 2998 602 3053 terra
617 2989 830 3064 frugiferarum
844 2997 895 3051 aut
908 2990 1054 3050 laetarum
1071 2999 1084 3051 1

81 3073 225 3134 arborum
240 3075 336 3134 ierax.
369 3091 431 3136 nun
446 3074 565 3150 magnis
581 3088 638 3134 nec
656 3073 878 3148 navigabilibus
896 3072 1054 3132 fluminum

81 3158 178 3218 alveis
193 3157 348 3232 inrigatur.
373 3157 447 3218 nrhit
460 3158 655 3233 gignit‚quud
669 3157 748 3218 uliae
761 3163 867 3231 gentes
883 3163 994 3231 petant,
1004 3157 1055 3215 vix

81 3241 121 3300 ad
140 3243 264 3302 tutelam
284 3241 480 3302 incolentium
502 3240 617 3303 fertilis.
649 3257 711 3303 nun
732 3241 886 3314 pretiosus
906 3239 956 3300 bic
974 3241 1054 3315 lapis

81 3324 234 3396 caeditur,
255 3340 317 3384 non
337 3325 403 3385 auri
423 3323 603 3400 argentique
625 3339 723 3386 venae
737 3329 917 3385 eruuntur.“
949 3325 1082 3398 Augu-a

80 3414 148 3467 stus
167 3407 288 3467 animus
310 3415 372 3480 est,
394 3425 485 3484 quem
507 3416 628 3470 terrena
647 3408 815 3470 detectann
838 3409 878 3468 ad
892 3407 944 3468 itta
957 3407 1052 3468 abdu-

79 3490 198 3552 cendus
214 3497 276 3566 est,
300 3507 380 3566 quae
396 3493 509 3569 ubique
524 3507 622 3568 aeque
637 3491 801 3568 adparent,
826 3492 939 3567 ubique
954 3505 1054 3566 aeque
