2554 3888
229 261 628 334 ouranuouumraru
643 261 765 322 aurun.
784 269 900 366 14-1e.
995 263 1055 327 193

76 415 173 493 enim,
191 411 333 488 quotiens
351 412 380 470 in
395 411 548 486 publicum
561 421 771 488 processerat,
789 412 897 486 flebat,
913 417 962 476 ille
974 417 1053 484 ride·
1086 416 1088 420 ’

77 501 136 560 bat.
165 495 237 558 huic
255 495 372 567 omnia,
391 511 470 570 quae
483 495 616 570 agimus,
635 496 792 571 miseriae,
808 499 849 556 illi
862 497 994 574 ineptiae
1011 503 1053 562 ri-

9 645 10 658 ,
76 583 243 647 dabantura
271 579 423 638 elevanda
447 594 521 654 ergo
544 583 645 651 omnia
660 588 690 640 et
705 581 785 640 lacili
800 582 900 643 animo
917 584 1052 645 ferenda.

9 659 1080 742 *mmmmmmmmmfflb

76 743 121 810 de
130 749 264 808 humano
281 763 405 822 quoque
420 761 533 821 genere
548 747 655 806 melius
668 755 800 809 meretur
813 749 864 824 qui
877 751 957 810 ridel
968 752 1051 824 illud,

9 855 12 880 ·
77 849 169 908 quam
186 831 238 906 qui
253 831 351 905 lugeo
378 831 428 889 ille
443 837 473 891 el
489 831 557 906 spei
571 830 672 890 bonae
688 831 803 906 aliquid
817 833 975 909 relinquit,
1003 835 1051 895 hic

76 924 176 977 autern
190 917 280 975 slulte
295 913 402 987 deflet,
425 929 505 989 quac
520 915 630 990 corrigi
646 930 741 989 posse
754 915 909 990 desperat.
943 925 972 978 et
986 919 1052 978 uni-

76 1015 166 1060 versa
178 999 402 1072 contemplatus
414 997 538 1060 maioris
551 998 641 1058 animi
653 1005 710 1073 est,
726 1000 777 1074 qui
788 1001 884 1060 risum
896 1017 956 1060 nou
970 1011 1053 1064 tenet

76 1100 169 1160 quam
191 1083 243 1157 qui
264 1082 419 1156 lacrimas,
447 1083 572 1158 quando
589 1080 777 1142 levissimum
793 1084 945 1144 adlectum
961 1087 1052 1146 animi

75 1173 180 1228 movet
195 1174 227 1226 et
238 1165 311 1226 nihil
326 1181 484 1242 magnum,
506 1165 578 1224 nihil
595 1181 752 1241 severum,
774 1183 812 1228 ne
825 1166 969 1229 miserum
986 1171 1051 1246 qui·

75 1253 145 1312 dem
171 1266 211 1310 ex
236 1257 319 1310 lanto
345 1256 453 1325 paratu
475 1257 568 1324 putat.
603 1247 729 1324 Singula
745 1258 870 1326 propter
886 1269 966 1327 quae
982 1253 1080 1316 laelii

76 1353 112 1396 ac
142 1334 245 1396 tristes
272 1350 394 1409 sumus,
415 1334 474 1394 sibi
496 1333 628 1410 quisque
643 1341 796 1409 proponat
811 1342 841 1395 et
856 1339 932 1396 sciet
947 1353 1051 1398 verum

76 1435 147 1480 esse
164 1420 248 1494 quod
259 1419 336 1479 Bion
352 1418 442 1478 dixit:
458 1416 559 1478 omnia
573 1416 730 1478 hominum
742 1419 865 1492 negotia
876 1419 984 1480 similla
997 1421 1050 1480 ini.

76 1505 124 1564 tiis
151 1518 224 1563 csse
246 1519 304 1562 nec
326 1502 418 1562 vitam
443 1503 562 1562 illorum
577 1501 675 1577 magis
692 1508 826 1562 sanctam
843 1511 894 1563 aut
910 1520 1050 1564 severam

75 1602 251 1662 essequam
265 1593 445 1662 conceptum
459 1585 551 1646 nihilo
561 1583 691 1646 natum*.
707 1585 769 1646 Sed
782 1587 905 1648 satius
917 1595 976 1648 est
988 1607 1048 1664 pu·
1063 1595 1079 1648 5

74 1669 1050 1747 blicosmoresethumanavitiaplacideaccipere

76 1769 133 1814 nec
160 1755 191 1814 in
211 1754 307 1816 risum
331 1754 437 1813 necin
463 1752 603 1813 lacrimas
625 1753 825 1814 excidentem.
860 1771 928 1813 nam
943 1757 1049 1818 alienis

76 1839 163 1898 malis
179 1837 315 1914 torqueri
330 1844 452 1898 aeterna
468 1837 589 1896 miseria
605 1843 666 1909 cst,
682 1835 789 1896 alienis
807 1837 950 1897 delectari
963 1840 1049 1899 malis

74 1924 219 1997 voluptas
244 1922 422 1983 inhumana:
449 1923 528 1981 sicut
552 1921 603 1979 illa
626 1917 739 1980 inutilis
764 1918 936 1980 humanitas
958 1921 1049 1995 flere,

76 2007 149 2082 quia
170 2005 281 2081 aliquis
305 2005 396 2066 liliam
419 2004 539 2075 cllerat,
567 2011 596 2064 ct
611 2004 739 2063 frontem
755 2019 841 2062 suam
858 2003 981 2078 lingere.
1013 2007 1082 2066 lni

75 2089 1048 2166 suisquoquemalisitagerereseoportet,uldo·
1142 2081 1146 2090 ⁴

74 2170 1049 2248 loritantumdes,quantumposcitnouquaulumccn·

76 2259 231 2329 suetudo·
251 2257 391 2336 plerique
407 2257 487 2315 enim
504 2253 645 2315 lacrimas
660 2255 805 2328 fundunt,
829 2261 863 2317 ut
879 2257 1048 2330 ostendant,

74 2351 106 2403 et
121 2343 232 2403 totiens
249 2341 350 2402 siccos
366 2341 473 2400 oculos
488 2339 610 2412 habent,
623 2338 765 2414 quotiens
777 2347 933 2414 spectator
945 2341 1047 2416 deluit,

75 2434 165 2500 turpe
182 2425 352 2484 iudicantes
367 2440 427 2484 non
444 2424 534 2496 llere,
552 2439 620 2483 cum
637 2438 743 2483 omncs
759 2421 880 2483 iaciant.
904 2425 981 2486 adeo
997 2441 1049 2500 pe·
1093 2476 1096 2484 ,

75 2512 156 2570 nilus
172 2509 231 2568 hoc
246 2523 281 2568 se
296 2508 406 2568 malum
422 2507 504 2582 fixit,
522 2523 560 2567 ex
577 2505 677 2568 aliena
692 2507 837 2582 opinione
852 2507 1001 2582 pendere,
1017 2517 1050 2568 ut

75 2596 103 2653 in
122 2593 345 2653 simulationem
361 2592 450 2656 ctiam
465 2608 516 2652 res
531 2589 774 2666 simplicissima,
792 2591 896 2665 dolor,
913 2591 1022 2650 veniat.

136 2677 217 2736 XVI.
241 2676 543 2752 Sequeturpars,
560 2673 1076 2751 quaesoletnoninmeriloi

75 2757 1050 2831 contristareetinsollicitudinemadducere,ubi

73 2845 262 2906 bonorum
288 2844 421 2914 exitus
447 2843 653 2904 malisunt=
678 2850 711 2903 ut
726 2841 869 2904 Socratcs
888 2843 1005 2917 cogitur
1021 2843 1050 2902 iu

72 2944 199 2989 carcere
221 2927 313 3003 mori,
340 2926 470 2989 Rutilius
485 2929 513 2987 iu
530 2929 621 2988 exilio
634 2929 753 2998 vivere,
780 2926 944 3000 Pompeius
961 2935 990 2986 el
1005 2925 1050 2986 Ci-

73 3029 145 3077 cero
164 3013 324 3073 clientibus
342 3013 407 3074 suis
424 3011 572 3088 praebere
587 3012 755 3085 cervicem,
778 3009 851 3071 Cato
869 3011 933 3084 ille,
959 3009 1050 3070 virtu

73 3103 135 3157 turn
152 3097 222 3156 viva
236 3096 353 3172 imago,
376 3095 554 3157 incumbens
569 3097 672 3171 gladio
689 3093 777 3156 simul
793 3095 832 3156 de
848 3109 882 3153 se
898 3109 934 3154 ac
952 3095 991 3154 de
1004 3110 1050 3154 re-

72 3181 198 3256 publica
220 3180 320 3256 palam
345 3181 453 3240 lacere.
483 3181 626 3240 Necesse
647 3187 694 3240 est
716 3177 853 3255 torqueri
874 3185 934 3237 tam
949 3177 1053 3254 iniqua

72 3264 210 3340 praemia
226 3266 377 3326 fortunam
394 3271 572 3339 persolvere
582 3267 602 3319 ι’
617 3275 647 3323 et
662 3264 735 3338 quid
751 3263 809 3322 sibi
825 3263 958 3338 quisque
973 3278 1053 3324 nunc

71 3355 192 3424 speret,
209 3365 279 3408 cum
294 3347 395 3408 videat
410 3349 546 3424 pessima
561 3348 693 3422 optimos
709 3347 792 3422 palii
807 3345 884 3420 Quid
900 3362 972 3422 ergo
986 3347 1081 3406 ostii

71 3433 146 3492 vide
169 3433 326 3506 quomodo
340 3434 483 3508 ¹quisque
504 3432 623 3493 illorum
644 3431 758 3506 tulerit,
785 3436 815 3490 et
836 3431 971 3490 silorles
990 3431 1052 3488 iue-

71 3522 158 3590 ruut,
182 3517 321 3592 ipsorum
347 3517 416 3578 illos
442 3517 560 3576 animos
587 3513 739 3576 desidera.
773 3511 800 3574 si
821 3513 1005 3574 muliebriter
1025 3518 1054 3573 et

9 3641 11 3674 :
114 3621 219 3660 sarraca.
233 3620 304 3659 run.
319 3604 342 3658 Ι.“
754 3660 758 3667 ,
871 3603 904 3658 13
