2522 3906
209 239 249 301 16
289 240 390 301 DIAL.
410 241 432 298 1.
462 240 595 314 cunni:
608 239 759 314 ALIQUA
773 238 1006 310 INCOMMODA
1018 239 1100 300 Ere.

175 413 272 472 qquo
287 395 390 454 leniret
404 393 551 470 animum,
574 391 655 451 dedi.
683 391 763 450 Ante
778 389 881 452 omnia
895 393 976 466 cavi,
996 409 1036 453 ne
1051 395 1121 469 quis
1135 413 1197 470 vos

210 486 327 540 teneret
341 478 462 538 invitos,
487 481 568 551 patet
582 475 693 535 exitus.
722 474 750 536 si
765 491 903 550 pugnare
918 493 979 538 non
993 478 1101 552 vultis,
1124 481 1199 542 licet

210 565 326 637 lugere.
354 562 424 620 ideo
440 575 480 618 ex
495 559 637 618 omnibus
650 560 744 618 rebus
760 575 838 633 quas
854 575 926 620 esse
940 561 1029 621 vobis
1047 579 1198 625 neccssa-

209 649 272 709 rias
291 647 390 718 volui,
411 643 484 703 nihil
505 643 563 703 leci
584 642 703 703 facilius
726 658 817 717 quarn
831 643 917 702 niori.
952 661 1048 718 prono
1063 647 1199 710 enimam

209 734 279 792 loco
301 730 408 805 posui:
430 727 565 788 trahitur.
596 725 761 786 Adtendite
780 727 873 788 modo
891 735 925 788 et
938 727 1081 792 videbitis
1103 749 1199 808 quam

208 814 313 875 brevis
329 814 366 872 ad
382 813 552 871 libertatem
566 819 597 870 et
612 827 703 885 quam
719 810 863 884 expeditu
874 811 966 872 ducat
976 812 1034 874 vie.
1055 824 1199 876 nontam

210 901 318 972 longas
333 897 363 955 in
379 897 462 955 exitu
473 895 562 955 vobis
579 911 670 970 quam
684 894 863 955 intrantibus
878 911 982 957 mores
996 899 1103 970 posui=
1119 901 1198 960 alio-

211 983 282 1056 quin
299 996 440 1054 magnum
462 979 492 1040 in
506 995 563 1039 vos
584 994 711 1053 regnum
733 979 854 1038 fortune
874 980 1038 1054 tenuisset,
1057 980 1085 1042 si
1099 983 1198 1049 homo

173 1073 268 1128 etum
284 1065 370 1124 tarde
385 1072 554 1124 moreretur
565 1079 655 1138 quam
667 1063 811 1123 nascitur.
835 1061 929 1122 Omne
944 1071 1075 1140 tempus,
1092 1069 1198 1130 omnis

208 1165 268 1209 vos
289 1150 376 1210 locus
399 1149 522 1218 doceat,
546 1163 636 1221 quam
659 1147 747 1206 lacile
768 1145 808 1206 sit
826 1147 999 1208 renuntiare
1018 1155 1147 1210 naturae
1167 1159 1200 1212 et

209 1249 320 1292 munus
335 1232 377 1292 illi
390 1247 479 1292 suum
492 1229 666 1305 inpingeret
687 1231 764 1291 inter
778 1229 847 1304 ipso
862 1231 967 1290 alterio
981 1239 1011 1292 et
1025 1235 1198 1296 sollemnes

210 1315 445 1378 sacrificantium
459 1315 544 1388 ritus,
560 1315 632 1374 dum
648 1321 770 1389 optatur
783 1314 853 1387 vita,
870 1321 996 1376 mortem
1011 1319 1198 1380 condiscite.

210 1415 341 1474 corpora
357 1399 460 1474 opima
470 1407 625 1459 taurorum
640 1397 752 1473 exiguo
764 1398 928 1458 concidunt
941 1401 1067 1462 volnere
1081 1409 1113 1461 et
1127 1419 1199 1464 ma·

208 1499 336 1558 gnurum
357 1483 466 1542 virium
492 1482 632 1541 animalia
657 1476 808 1542 humanae
830 1497 937 1541 manus
958 1482 1036 1544 ictus
1062 1483 1199 1560 inpellit.

207 1567 293 1628 tenui
309 1568 390 1625 lerro
407 1567 608 1626 commissura
622 1565 750 1624 cervicis
766 1565 968 1638 abrumpitur,
992 1575 1105 1628 etcum
1120 1572 1199 1632 arti·

196 1652 296 1710 culus
312 1649 361 1709 ille
377 1649 429 1723 qui
445 1656 537 1722 caput
551 1649 723 1723 collumque
739 1649 893 1710 committit
906 1649 1021 1711 incisus
1037 1661 1091 1728 est,
1108 1661 1201 1717 tanta

174 1735 259 1795 villo
278 1735 376 1793 moles
397 1733 519 1791 corruit.
550 1733 617 1791 Non
639 1733 667 1790 in
690 1734 751 1792 alto
772 1734 845 1792 latet
865 1733 990 1808 spiritus
1011 1751 1068 1796 nec
1082 1739 1200 1814 utique

210 1819 288 1878 lerro
311 1817 466 1876 eruendus
487 1822 543 1874 est.
577 1830 638 1875 non
665 1822 736 1875 sunt
757 1816 881 1876 volnere
900 1818 1023 1891 penitus
1044 1821 1199 1897 inpresso
1254 1855 1255 1874 2

209 1901 374 1961 scrutanda
388 1899 583 1974 praecordia:
605 1898 635 1958 in
652 1899 791 1974 proximo
806 1915 889 1962 mors
909 1909 965 1962 est.
997 1919 1058 1964 non
1074 1913 1199 1970 certum
1254 1909 1255 1937 l

127 2008 130 2013 ·
208 1987 248 2044 od
260 1985 318 2045 hos
330 1985 408 2044 ictus
421 1983 572 2043 destinavi
582 1985 698 2042 locum:
715 2000 907 2058 quacumque
919 1985 968 2044 via
981 1989 1118 2062 pervium
1132 2002 1198 2054 est.

207 2069 310 2142 ipsum
324 2067 400 2126 illud
415 2066 499 2140 quod
509 2073 636 2126 vocatur
646 2067 739 2141 mori,
757 2083 818 2140 quo
830 2067 932 2128 anima
943 2070 1073 2133 discedit
1087 2090 1106 2133 a
1122 2091 1199 2137 cor·
1253 2095 1254 2136 t

207 2167 299 2226 pore,
320 2150 445 2210 brevius
461 2155 522 2224 est,
546 2165 636 2223 quam
651 2157 683 2210 ut
697 2151 801 2211 sentiri
815 2158 897 2212 tanta
910 2155 1058 2217 velocitas
1073 2162 1199 2232 possit:
1253 2137 1254 2175 ¹

207 2235 274 2295 sive
289 2236 396 2295 lauces
411 2235 513 2295 nodus
528 2232 621 2308 elisit,
637 2234 704 2296 sive
718 2235 936 2309 spiramentum
952 2253 1032 2312 aqua
1047 2245 1201 2313 praeclu·
1252 2295 1253 2300 ,

207 2319 260 2392 sit,
276 2318 343 2379 sive
357 2318 385 2376 in
399 2325 491 2393 caput
504 2320 609 2394 lapsos
623 2319 810 2379 subiacentis
822 2318 880 2379 soli
892 2320 1004 2382 duritia
1012 2324 1198 2400 conminuit,
1252 2327 1253 2411 l

206 2403 273 2462 sive
292 2403 421 2466 haustus
443 2403 522 2478 ignis
544 2417 665 2463 cursum
687 2403 806 2462 animae
826 2405 989 2465 remeantis
1003 2405 1198 2472 interscidit:

205 2487 353 2562 quicquid
368 2495 429 2559 est,
446 2495 605 2562 properat:
620 2486 733 2562 ecquid
744 2486 945 2548 erubescitis?
959 2489 1044 2564 quod
1054 2497 1116 2552 turn
1128 2495 1200 2556 cito
1251 2551 1252 2562 ,

205 2570 254 2647 tlt,
275 2571 386 2636 timetis
401 2572 475 2632 diui
488 2569 553 2613 Η*
1251 2593 1252 2602 ’
