<?xml version="1.0" encoding="UTF-8"?>
<!DOCTYPE html PUBLIC "-//W3C//DTD XHTML 1.0 Transitional//EN"
    "http://www.w3.org/TR/xhtml1/DTD/xhtml1-transitional.dtd">
<html xmlns="http://www.w3.org/1999/xhtml" xml:lang="en" lang="en">
 <head>
  <title>
</title>
<meta http-equiv="Content-Type" content="text/html;charset=utf-8" />
  <meta name='ocr-system' content='tesseract 3.04.00' />
  <meta name='ocr-capabilities' content='ocr_page ocr_carea ocr_par ocr_line ocrx_word'/>
</head>
<body>
  <div class='ocr_page' id='page_1' title='image "./operaquaesupers00senegoog_0074.png"; bbox 0 0 2522 3906; ppageno 0'>
   <div class='ocr_carea' id='block_1_1' title="bbox 247 241 1058 332">
    <p class='ocr_par' dir='ltr' id='par_1_1' title="bbox 247 241 1058 332">
     <span class='ocr_line' id='line_1_1' title="bbox 247 241 1058 332; baseline 0.012 -30"><span class='ocrx_word' id='word_1_1' title='bbox 247 241 350 332; x_wconf 71' lang='lat' dir='ltr'>sinn.</span> <span class='ocrx_word' id='word_1_2' title='bbox 372 243 423 302; x_wconf 92' lang='lat' dir='ltr'>lV.</span> <span class='ocrx_word' id='word_1_3' title='bbox 452 245 504 304; x_wconf 80' lang='lat' dir='ltr'>DE</span> <span class='ocrx_word' id='word_1_4' title='bbox 525 246 596 305; x_wconf 85' lang='lat' dir='ltr'>IRA</span> <span class='ocrx_word' id='word_1_5' title='bbox 619 247 689 305; x_wconf 64' lang='grc' dir='ltr'><strong><em>[ΑΒ.</em></strong></span> <span class='ocrx_word' id='word_1_6' title='bbox 712 246 749 305; x_wconf 88' lang='grc' dir='ltr'>ΙΙ.</span> <span class='ocrx_word' id='word_1_7' title='bbox 768 254 901 308; x_wconf 73' lang='lat'>10—12.</span> <span class='ocrx_word' id='word_1_8' title='bbox 1022 247 1058 314; x_wconf 79' lang='grc'>61</span> 
     </span>
    </p>
   </div>
   <div class='ocr_carea' id='block_1_2' title="bbox 76 393 1157 3561">
    <p class='ocr_par' dir='ltr' id='par_1_2' title="bbox 76 393 1093 1206">
     <span class='ocr_line' id='line_1_2' title="bbox 76 393 1064 473; baseline 0.004 -17"><span class='ocrx_word' id='word_1_9' title='bbox 76 412 143 456; x_wconf 85' lang='lat' dir='ltr'>nun</span> <span class='ocrx_word' id='word_1_10' title='bbox 157 394 279 456; x_wconf 88' lang='lat' dir='ltr'>timetur</span> <span class='ocrx_word' id='word_1_11' title='bbox 291 393 396 469; x_wconf 79' lang='lat' dir='ltr'>febris,</span> <span class='ocrx_word' id='word_1_12' title='bbox 411 395 557 470; x_wconf 82' lang='lat' dir='ltr'>podagra,</span> <span class='ocrx_word' id='word_1_13' title='bbox 575 397 664 456; x_wconf 88' lang='lat' dir='ltr'>uicus</span> <span class='ocrx_word' id='word_1_14' title='bbox 679 398 813 457; x_wconf 70' lang='lat' dir='ltr'>malurn?</span> <span class='ocrx_word' id='word_1_15' title='bbox 833 397 981 473; x_wconf 88' lang='lat' dir='ltr'>numquid</span> <span class='ocrx_word' id='word_1_16' title='bbox 993 399 1064 460; x_wconf 87' lang='lat' dir='ltr'>ideo</span> 
     </span>
     <span class='ocr_line' id='line_1_3' title="bbox 79 477 1064 558; baseline 0.004 -20"><span class='ocrx_word' id='word_1_17' title='bbox 79 477 250 554; x_wconf 86' lang='lat' dir='ltr'>quiequam</span> <span class='ocrx_word' id='word_1_18' title='bbox 274 477 394 538; x_wconf 83' lang='lat' dir='ltr'>inistis</span> <span class='ocrx_word' id='word_1_19' title='bbox 418 479 490 540; x_wconf 90' lang='lat' dir='ltr'>boni</span> <span class='ocrx_word' id='word_1_20' title='bbox 515 483 585 538; x_wconf 81' lang='lat' dir='ltr'>esti</span> <span class='ocrx_word' id='word_1_21' title='bbox 616 487 647 538; x_wconf 84' lang='lat' dir='ltr'>at</span> <span class='ocrx_word' id='word_1_22' title='bbox 668 487 774 541; x_wconf 85' lang='lat' dir='ltr'>eontra</span> <span class='ocrx_word' id='word_1_23' title='bbox 793 482 895 540; x_wconf 86' lang='lat' dir='ltr'>omnia</span> <span class='ocrx_word' id='word_1_24' title='bbox 916 482 1064 558; x_wconf 82' lang='lat' dir='ltr'>despecta</span> 
     </span>
     <span class='ocr_line' id='line_1_4' title="bbox 77 561 1063 638; baseline 0.005 -18"><span class='ocrx_word' id='word_1_25' title='bbox 77 562 237 636; x_wconf 82' lang='lat' dir='ltr'>foedaque</span> <span class='ocrx_word' id='word_1_26' title='bbox 251 567 282 621; x_wconf 86' lang='grc' dir='ltr'>ει</span> <span class='ocrx_word' id='word_1_27' title='bbox 295 562 397 636; x_wconf 85' lang='lat' dir='ltr'>turpia</span> <span class='ocrx_word' id='word_1_28' title='bbox 412 561 481 638; x_wconf 92' lang='lat' dir='ltr'>ipso</span> <span class='ocrx_word' id='word_1_29' title='bbox 497 562 730 636; x_wconf 74' lang='lat' dir='ltr'>nuntiarentur:</span> <span class='ocrx_word' id='word_1_30' title='bbox 755 563 800 622; x_wconf 85' lang='lat' dir='ltr'>sic</span> <span class='ocrx_word' id='word_1_31' title='bbox 819 565 864 623; x_wconf 88' lang='lat' dir='ltr'>ira</span> <span class='ocrx_word' id='word_1_32' title='bbox 885 580 941 638; x_wconf 91' lang='lat' dir='ltr'>per</span> <span class='ocrx_word' id='word_1_33' title='bbox 960 580 995 625; x_wconf 88' lang='lat' dir='ltr'>se</span> <span class='ocrx_word' id='word_1_34' title='bbox 1010 565 1063 625; x_wconf 90' lang='lat' dir='ltr'>de·</span> 
     </span>
     <span class='ocr_line' id='line_1_5' title="bbox 77 645 1063 722; baseline 0.003 -17"><span class='ocrx_word' id='word_1_35' title='bbox 77 645 188 705; x_wconf 83' lang='lat' dir='ltr'>formis</span> <span class='ocrx_word' id='word_1_36' title='bbox 205 651 253 705; x_wconf 86' lang='lat' dir='ltr'>est</span> <span class='ocrx_word' id='word_1_37' title='bbox 267 653 297 706; x_wconf 91' lang='lat' dir='ltr'>et</span> <span class='ocrx_word' id='word_1_38' title='bbox 310 645 433 705; x_wconf 87' lang='lat' dir='ltr'>minime</span> <span class='ocrx_word' id='word_1_39' title='bbox 447 645 624 719; x_wconf 87' lang='lat' dir='ltr'>metuenda,</span> <span class='ocrx_word' id='word_1_40' title='bbox 646 653 677 706; x_wconf 88' lang='lat' dir='ltr'>at</span> <span class='ocrx_word' id='word_1_41' title='bbox 696 647 854 707; x_wconf 84' lang='lat' dir='ltr'>timetur-u</span> <span class='ocrx_word' id='word_1_42' title='bbox 869 648 1006 722; x_wconf 85' lang='lat' dir='ltr'>pluribus</span> <span class='ocrx_word' id='word_1_43' title='bbox 1022 647 1063 708; x_wconf 92' lang='lat' dir='ltr'>si·</span> 
     </span>
     <span class='ocr_line' id='line_1_6' title="bbox 79 727 1093 806; baseline 0.004 -18"><span class='ocrx_word' id='word_1_44' title='bbox 79 737 132 788; x_wconf 85' lang='lat' dir='ltr'>eut</span> <span class='ocrx_word' id='word_1_45' title='bbox 146 727 295 790; x_wconf 86' lang='lat' dir='ltr'>deionnis</span> <span class='ocrx_word' id='word_1_46' title='bbox 310 743 446 805; x_wconf 85' lang='lat' dir='ltr'>persona</span> <span class='ocrx_word' id='word_1_47' title='bbox 460 729 499 790; x_wconf 89' lang='lat' dir='ltr'>ub</span> <span class='ocrx_word' id='word_1_48' title='bbox 514 729 690 790; x_wconf 78' lang='lat' dir='ltr'>infantibus.</span> <span class='ocrx_word' id='word_1_49' title='bbox 720 729 814 803; x_wconf 83' lang='lat' dir='ltr'><strong>Quid,</strong></span> <span class='ocrx_word' id='word_1_50' title='bbox 836 731 920 804; x_wconf 88' lang='lat' dir='ltr'>quod</span> <span class='ocrx_word' id='word_1_51' title='bbox 941 735 1093 806; x_wconf 67' lang='lat' dir='ltr'>sempera</span> 
     </span>
     <span class='ocr_line' id='line_1_7' title="bbox 78 812 1065 890; baseline 0.003 -19"><span class='ocrx_word' id='word_1_52' title='bbox 78 812 109 871; x_wconf 95' lang='lat' dir='ltr'>in</span> <span class='ocrx_word' id='word_1_53' title='bbox 136 817 280 872; x_wconf 77' lang='lat' dir='ltr'><strong>auctores</strong></span> <span class='ocrx_word' id='word_1_54' title='bbox 304 812 458 873; x_wconf 79' lang='lat' dir='ltr'>redundat</span> <span class='ocrx_word' id='word_1_55' title='bbox 476 812 566 872; x_wconf 86' lang='lat' dir='ltr'>timor</span> <span class='ocrx_word' id='word_1_56' title='bbox 584 828 642 872; x_wconf 89' lang='lat' dir='ltr'>nee</span> <span class='ocrx_word' id='word_1_57' title='bbox 663 812 827 889; x_wconf 88' lang='lat' dir='ltr'>quisquam</span> <span class='ocrx_word' id='word_1_58' title='bbox 840 812 983 874; x_wconf 84' lang='lat' dir='ltr'>metuitur</span> <span class='ocrx_word' id='word_1_59' title='bbox 995 815 1065 890; x_wconf 90' lang='lat' dir='ltr'>ipse</span> 
     </span>
     <span class='ocr_line' id='line_1_8' title="bbox 79 894 1062 969; baseline 0.001 -13"><span class='ocrx_word' id='word_1_60' title='bbox 79 901 236 956; x_wconf 73' lang='lat' dir='ltr'>securus?</span> <span class='ocrx_word' id='word_1_61' title='bbox 276 903 417 956; x_wconf 83' lang='lat' dir='ltr'>occurrat</span> <span class='ocrx_word' id='word_1_62' title='bbox 436 895 496 955; x_wconf 86' lang='lat' dir='ltr'>hoe</span> <span class='ocrx_word' id='word_1_63' title='bbox 517 899 586 956; x_wconf 89' lang='lat' dir='ltr'>loeo</span> <span class='ocrx_word' id='word_1_64' title='bbox 607 894 661 955; x_wconf 84' lang='lat' dir='ltr'>tibi</span> <span class='ocrx_word' id='word_1_65' title='bbox 674 895 863 956; x_wconf 80' lang='lat' dir='ltr'><strong>Laberianus</strong></span> <span class='ocrx_word' id='word_1_66' title='bbox 877 897 928 956; x_wconf 90' lang='lat' dir='ltr'>ille</span> <span class='ocrx_word' id='word_1_67' title='bbox 941 912 1062 969; x_wconf 86' lang='lat' dir='ltr'>versus,</span> 
     </span>
     <span class='ocr_line' id='line_1_9' title="bbox 80 978 1063 1056; baseline 0.002 -18"><span class='ocrx_word' id='word_1_68' title='bbox 80 979 135 1055; x_wconf 91' lang='lat' dir='ltr'>qni</span> <span class='ocrx_word' id='word_1_69' title='bbox 149 978 252 1038; x_wconf 90' lang='lat' dir='ltr'>medio</span> <span class='ocrx_word' id='word_1_70' title='bbox 267 979 345 1038; x_wconf 84' lang='lat' dir='ltr'>civili</span> <span class='ocrx_word' id='word_1_71' title='bbox 362 980 442 1040; x_wconf 85' lang='lat' dir='ltr'>bello</span> <span class='ocrx_word' id='word_1_72' title='bbox 457 979 487 1038; x_wconf 94' lang='lat' dir='ltr'>in</span> <span class='ocrx_word' id='word_1_73' title='bbox 500 979 617 1040; x_wconf 84' lang='lat' dir='ltr'>theatro</span> <span class='ocrx_word' id='word_1_74' title='bbox 633 979 732 1039; x_wconf 88' lang='lat' dir='ltr'>dietus</span> <span class='ocrx_word' id='word_1_75' title='bbox 747 987 842 1040; x_wconf 88' lang='lat' dir='ltr'>totum</span> <span class='ocrx_word' id='word_1_76' title='bbox 856 979 887 1038; x_wconf 94' lang='lat' dir='ltr'>in</span> <span class='ocrx_word' id='word_1_77' title='bbox 909 995 944 1039; x_wconf 91' lang='lat' dir='ltr'>se</span> <span class='ocrx_word' id='word_1_78' title='bbox 964 996 1063 1056; x_wconf 91' lang='lat' dir='ltr'>popu·</span> 
     </span>
     <span class='ocr_line' id='line_1_10' title="bbox 77 1061 1064 1138; baseline 0 -14"><span class='ocrx_word' id='word_1_79' title='bbox 77 1065 143 1124; x_wconf 83' lang='lat' dir='ltr'>turn</span> <span class='ocrx_word' id='word_1_80' title='bbox 157 1077 220 1122; x_wconf 91' lang='lat' dir='ltr'>non</span> <span class='ocrx_word' id='word_1_81' title='bbox 236 1062 322 1122; x_wconf 86' lang='lat' dir='ltr'>aliter</span> <span class='ocrx_word' id='word_1_82' title='bbox 336 1061 500 1138; x_wconf 84' lang='lat' dir='ltr'>convertit,</span> <span class='ocrx_word' id='word_1_83' title='bbox 517 1078 608 1138; x_wconf 85' lang='lat' dir='ltr'>quam</span> <span class='ocrx_word' id='word_1_84' title='bbox 624 1063 651 1123; x_wconf 90' lang='lat' dir='ltr'>si</span> <span class='ocrx_word' id='word_1_85' title='bbox 666 1063 760 1122; x_wconf 89' lang='lat' dir='ltr'>missa</span> <span class='ocrx_word' id='word_1_86' title='bbox 775 1069 860 1122; x_wconf 81' lang='lat' dir='ltr'>esset</span> <span class='ocrx_word' id='word_1_87' title='bbox 873 1079 935 1122; x_wconf 90' lang='lat' dir='ltr'>vox</span> <span class='ocrx_word' id='word_1_88' title='bbox 949 1063 1064 1138; x_wconf 84' lang='lat' dir='ltr'>publici</span> 
     </span>
     <span class='ocr_line' id='line_1_11' title="bbox 79 1146 239 1206; baseline -0.025 0"><span class='ocrx_word' id='word_1_89' title='bbox 79 1146 239 1206; x_wconf 78' lang='lat' dir='ltr'>adiectus:</span> 
     </span>
    </p>

    <p class='ocr_par' dir='ltr' id='par_1_3' title="bbox 78 1229 1093 2556">
     <span class='ocr_line' id='line_1_12' title="bbox 208 1229 937 1304; baseline -0.001 -15"><span class='ocrx_word' id='word_1_90' title='bbox 208 1229 333 1290; x_wconf 80' lang='lat' dir='ltr'><strong><em>Necesse</em></strong></span> <span class='ocrx_word' id='word_1_91' title='bbox 346 1237 390 1289; x_wconf 81' lang='lat' dir='ltr'>est</span> <span class='ocrx_word' id='word_1_92' title='bbox 399 1234 503 1290; x_wconf 81' lang='lat' dir='ltr'>multos</span> <span class='ocrx_word' id='word_1_93' title='bbox 516 1232 616 1290; x_wconf 78' lang='lat' dir='ltr'>timeat</span> <span class='ocrx_word' id='word_1_94' title='bbox 633 1245 718 1304; x_wconf 78' lang='lat' dir='ltr'>quem</span> <span class='ocrx_word' id='word_1_95' title='bbox 732 1234 817 1292; x_wconf 81' lang='lat' dir='ltr'>multi</span> <span class='ocrx_word' id='word_1_96' title='bbox 828 1232 937 1291; x_wconf 80' lang='lat' dir='ltr'>timent.</span> 
     </span>
     <span class='ocr_line' id='line_1_13' title="bbox 78 1310 1093 1388; baseline 0.004 -18"><span class='ocrx_word' id='word_1_97' title='bbox 78 1313 125 1372; x_wconf 85' lang='lat' dir='ltr'>Ita</span> <span class='ocrx_word' id='word_1_98' title='bbox 138 1321 247 1373; x_wconf 88' lang='lat' dir='ltr'>natura</span> <span class='ocrx_word' id='word_1_99' title='bbox 262 1310 425 1386; x_wconf 81' lang='lat' dir='ltr'>constituit,</span> <span class='ocrx_word' id='word_1_100' title='bbox 439 1321 473 1373; x_wconf 89' lang='lat' dir='ltr'>ut</span> <span class='ocrx_word' id='word_1_101' title='bbox 484 1313 632 1388; x_wconf 86' lang='lat' dir='ltr'>quiequid</span> <span class='ocrx_word' id='word_1_102' title='bbox 643 1312 743 1373; x_wconf 88' lang='lat' dir='ltr'>alieno</span> <span class='ocrx_word' id='word_1_103' title='bbox 754 1320 837 1374; x_wconf 89' lang='lat' dir='ltr'>metu</span> <span class='ocrx_word' id='word_1_104' title='bbox 850 1329 993 1388; x_wconf 80' lang='lat' dir='ltr'>magnum</span> <span class='ocrx_word' id='word_1_105' title='bbox 1004 1321 1061 1388; x_wconf 85' lang='lat' dir='ltr'>est,</span> <span class='ocrx_word' id='word_1_106' title='bbox 1074 1327 1093 1380; x_wconf 81' lang='lat'>4</span> 
     </span>
     <span class='ocr_line' id='line_1_14' title="bbox 80 1396 1063 1470; baseline 0.001 -15"><span class='ocrx_word' id='word_1_107' title='bbox 80 1413 172 1456; x_wconf 88' lang='lat' dir='ltr'>asuo</span> <span class='ocrx_word' id='word_1_108' title='bbox 188 1411 249 1456; x_wconf 89' lang='lat' dir='ltr'>uon</span> <span class='ocrx_word' id='word_1_109' title='bbox 264 1401 363 1456; x_wconf 83' lang='lat' dir='ltr'>vacet.</span> <span class='ocrx_word' id='word_1_110' title='bbox 394 1397 531 1457; x_wconf 89' lang='lat' dir='ltr'>Leonum</span> <span class='ocrx_word' id='word_1_111' title='bbox 552 1411 643 1470; x_wconf 85' lang='lat' dir='ltr'>quarn</span> <span class='ocrx_word' id='word_1_112' title='bbox 665 1396 777 1470; x_wconf 89' lang='lat' dir='ltr'>pavida</span> <span class='ocrx_word' id='word_1_113' title='bbox 798 1397 923 1456; x_wconf 86' lang='lat' dir='ltr'>suntad</span> <span class='ocrx_word' id='word_1_114' title='bbox 942 1397 1063 1456; x_wconf 89' lang='lat' dir='ltr'>levissi-</span> 
     </span>
     <span class='ocr_line' id='line_1_15' title="bbox 80 1479 1065 1556; baseline 0 -18"><span class='ocrx_word' id='word_1_115' title='bbox 80 1495 149 1540; x_wconf 87' lang='lat' dir='ltr'>mus</span> <span class='ocrx_word' id='word_1_116' title='bbox 174 1494 271 1540; x_wconf 89' lang='lat' dir='ltr'>sonos</span> <span class='ocrx_word' id='word_1_117' title='bbox 291 1485 438 1554; x_wconf 78' lang='lat' dir='ltr'>pecierat</span> <span class='ocrx_word' id='word_1_118' title='bbox 470 1479 635 1540; x_wconf 79' lang='lat' dir='ltr'>acerrimas</span> <span class='ocrx_word' id='word_1_119' title='bbox 660 1480 742 1538; x_wconf 87' lang='lat' dir='ltr'>ieras</span> <span class='ocrx_word' id='word_1_120' title='bbox 765 1480 873 1556; x_wconf 82' lang='lat' dir='ltr'>umbra</span> <span class='ocrx_word' id='word_1_121' title='bbox 897 1485 928 1539; x_wconf 90' lang='grc' dir='ltr'>ει</span> <span class='ocrx_word' id='word_1_122' title='bbox 948 1495 1010 1538; x_wconf 87' lang='lat' dir='ltr'>vox</span> <span class='ocrx_word' id='word_1_123' title='bbox 1035 1486 1065 1538; x_wconf 86' lang='grc' dir='ltr'>ει</span> 
     </span>
     <span class='ocr_line' id='line_1_16' title="bbox 81 1560 1062 1638; baseline 0 -16"><span class='ocrx_word' id='word_1_124' title='bbox 81 1565 159 1624; x_wconf 91' lang='lat' dir='ltr'>udor</span> <span class='ocrx_word' id='word_1_125' title='bbox 184 1561 326 1622; x_wconf 86' lang='lat' dir='ltr'>insolitus</span> <span class='ocrx_word' id='word_1_126' title='bbox 347 1563 489 1638; x_wconf 82' lang='lat' dir='ltr'>exagitat.</span> <span class='ocrx_word' id='word_1_127' title='bbox 534 1560 682 1638; x_wconf 85' lang='lat' dir='ltr'>quiequid</span> <span class='ocrx_word' id='word_1_128' title='bbox 697 1563 760 1636; x_wconf 86' lang='lat' dir='ltr'>[de]</span> <span class='ocrx_word' id='word_1_129' title='bbox 773 1569 865 1623; x_wconf 87' lang='lat' dir='ltr'>terret</span> <span class='ocrx_word' id='word_1_130' title='bbox 878 1569 908 1622; x_wconf 88' lang='lat' dir='ltr'>et</span> <span class='ocrx_word' id='word_1_131' title='bbox 921 1562 1062 1636; x_wconf 82' lang='lat' dir='ltr'><strong>trepidat.</strong></span> 
     </span>
     <span class='ocr_line' id='line_1_17' title="bbox 81 1645 1063 1722; baseline -0.001 -17"><span class='ocrx_word' id='word_1_132' title='bbox 81 1663 143 1706; x_wconf 90' lang='lat' dir='ltr'>non</span> <span class='ocrx_word' id='word_1_133' title='bbox 161 1654 211 1706; x_wconf 88' lang='lat' dir='ltr'>est</span> <span class='ocrx_word' id='word_1_134' title='bbox 224 1661 298 1720; x_wconf 82' lang='lat' dir='ltr'>ergo</span> <span class='ocrx_word' id='word_1_135' title='bbox 315 1661 411 1722; x_wconf 85' lang='lat' dir='ltr'>quare</span> <span class='ocrx_word' id='word_1_136' title='bbox 425 1646 624 1721; x_wconf 82' lang='lat' dir='ltr'>concupiscat</span> <span class='ocrx_word' id='word_1_137' title='bbox 640 1647 802 1722; x_wconf 87' lang='lat' dir='ltr'>quisquam</span> <span class='ocrx_word' id='word_1_138' title='bbox 820 1646 944 1721; x_wconf 89' lang='lat' dir='ltr'>sapiens</span> <span class='ocrx_word' id='word_1_139' title='bbox 957 1645 1063 1720; x_wconf 86' lang='lat' dir='ltr'>timeri,</span> 
     </span>
     <span class='ocr_line' id='line_1_18' title="bbox 81 1729 1062 1806; baseline -0.001 -16"><span class='ocrx_word' id='word_1_140' title='bbox 81 1747 139 1790; x_wconf 89' lang='lat' dir='ltr'>nee</span> <span class='ocrx_word' id='word_1_141' title='bbox 153 1729 226 1791; x_wconf 86' lang='lat' dir='ltr'>ideo</span> <span class='ocrx_word' id='word_1_142' title='bbox 241 1730 317 1789; x_wconf 89' lang='lat' dir='ltr'>iram</span> <span class='ocrx_word' id='word_1_143' title='bbox 330 1745 475 1804; x_wconf 84' lang='lat' dir='ltr'>magnum</span> <span class='ocrx_word' id='word_1_144' title='bbox 490 1730 634 1804; x_wconf 84' lang='lat' dir='ltr'>quiddam</span> <span class='ocrx_word' id='word_1_145' title='bbox 650 1737 743 1804; x_wconf 87' lang='lat' dir='ltr'>putet,</span> <span class='ocrx_word' id='word_1_146' title='bbox 759 1730 830 1806; x_wconf 89' lang='lat' dir='ltr'>qnia</span> <span class='ocrx_word' id='word_1_147' title='bbox 842 1729 993 1791; x_wconf 79' lang='lat' dir='ltr'>formidini</span> <span class='ocrx_word' id='word_1_148' title='bbox 1006 1738 1062 1802; x_wconf 91' lang='lat' dir='ltr'>est,</span> 
     </span>
     <span class='ocr_line' id='line_1_19' title="bbox 81 1813 1064 1890; baseline -0.003 -16"><span class='ocrx_word' id='word_1_149' title='bbox 81 1815 227 1890; x_wconf 89' lang='lat' dir='ltr'>quoniam</span> <span class='ocrx_word' id='word_1_150' title='bbox 240 1813 362 1888; x_wconf 87' lang='lat' dir='ltr'>quidem</span> <span class='ocrx_word' id='word_1_151' title='bbox 371 1814 462 1874; x_wconf 82' lang='lat' dir='ltr'>etiarn</span> <span class='ocrx_word' id='word_1_152' title='bbox 473 1813 734 1887; x_wconf 84' lang='lat' dir='ltr'>contemptissima</span> <span class='ocrx_word' id='word_1_153' title='bbox 745 1813 885 1874; x_wconf 84' lang='lat' dir='ltr'>timentur</span> <span class='ocrx_word' id='word_1_154' title='bbox 898 1821 931 1874; x_wconf 88' lang='lat' dir='ltr'>ut</span> <span class='ocrx_word' id='word_1_155' title='bbox 945 1827 1064 1872; x_wconf 86' lang='lat' dir='ltr'>venena</span> 
     </span>
     <span class='ocr_line' id='line_1_20' title="bbox 82 1896 1091 1973; baseline -0.001 -16"><span class='ocrx_word' id='word_1_156' title='bbox 82 1906 112 1958; x_wconf 88' lang='lat' dir='ltr'>et</span> <span class='ocrx_word' id='word_1_157' title='bbox 128 1914 204 1959; x_wconf 87' lang='lat' dir='ltr'>ossa</span> <span class='ocrx_word' id='word_1_158' title='bbox 219 1897 365 1973; x_wconf 82' lang='lat' dir='ltr'>pestifera</span> <span class='ocrx_word' id='word_1_159' title='bbox 379 1905 409 1957; x_wconf 91' lang='lat' dir='ltr'>et</span> <span class='ocrx_word' id='word_1_160' title='bbox 423 1913 555 1959; x_wconf 89' lang='lat' dir='ltr'>morsus.</span> <span class='ocrx_word' id='word_1_161' title='bbox 584 1897 647 1956; x_wconf 88' lang='lat' dir='ltr'>Nee</span> <span class='ocrx_word' id='word_1_162' title='bbox 667 1897 775 1956; x_wconf 88' lang='lat' dir='ltr'>mirum</span> <span class='ocrx_word' id='word_1_163' title='bbox 791 1905 852 1970; x_wconf 87' lang='lat' dir='ltr'>est,</span> <span class='ocrx_word' id='word_1_164' title='bbox 879 1913 947 1957; x_wconf 83' lang='lat' dir='ltr'>cunr</span> <span class='ocrx_word' id='word_1_165' title='bbox 966 1896 1091 1956; x_wconf 79' lang='lat' dir='ltr'>maxi-5</span> 
     </span>
     <span class='ocr_line' id='line_1_21' title="bbox 80 1977 1063 2056; baseline -0.004 -16"><span class='ocrx_word' id='word_1_166' title='bbox 80 1997 148 2041; x_wconf 88' lang='lat' dir='ltr'>mos</span> <span class='ocrx_word' id='word_1_167' title='bbox 164 1982 298 2042; x_wconf 80' lang='lat' dir='ltr'>ferarum</span> <span class='ocrx_word' id='word_1_168' title='bbox 312 1996 423 2056; x_wconf 80' lang='lat' dir='ltr'><strong><em>greges</em></strong></span> <span class='ocrx_word' id='word_1_169' title='bbox 438 1982 518 2041; x_wconf 89' lang='lat' dir='ltr'>linea</span> <span class='ocrx_word' id='word_1_170' title='bbox 540 1979 641 2056; x_wconf 84' lang='lat' dir='ltr'>pinnis</span> <span class='ocrx_word' id='word_1_171' title='bbox 662 1977 804 2040; x_wconf 85' lang='lat' dir='ltr'>distincta</span> <span class='ocrx_word' id='word_1_172' title='bbox 819 1980 972 2040; x_wconf 83' lang='lat' dir='ltr'>contineat</span> <span class='ocrx_word' id='word_1_173' title='bbox 989 1983 1020 2037; x_wconf 88' lang='lat' dir='ltr'>et</span> <span class='ocrx_word' id='word_1_174' title='bbox 1032 1979 1063 2036; x_wconf 93' lang='lat' dir='ltr'>in</span> 
     </span>
     <span class='ocr_line' id='line_1_22' title="bbox 80 2059 1063 2140; baseline -0.004 -16"><span class='ocrx_word' id='word_1_175' title='bbox 80 2064 209 2124; x_wconf 83' lang='lat' dir='ltr'>insidias</span> <span class='ocrx_word' id='word_1_176' title='bbox 224 2071 304 2140; x_wconf 78' lang='lat' dir='ltr'>agat,</span> <span class='ocrx_word' id='word_1_177' title='bbox 319 2065 358 2125; x_wconf 91' lang='lat' dir='ltr'>ab</span> <span class='ocrx_word' id='word_1_178' title='bbox 373 2063 443 2140; x_wconf 91' lang='lat' dir='ltr'>ipso</span> <span class='ocrx_word' id='word_1_179' title='bbox 459 2064 582 2125; x_wconf 82' lang='lat' dir='ltr'>adiectu</span> <span class='ocrx_word' id='word_1_180' title='bbox 596 2065 677 2124; x_wconf 84' lang='lat' dir='ltr'>dieta</span> <span class='ocrx_word' id='word_1_181' title='bbox 692 2063 869 2124; x_wconf 75' lang='lat' dir='ltr'>formido:</span> <span class='ocrx_word' id='word_1_182' title='bbox 884 2061 971 2122; x_wconf 89' lang='lat' dir='ltr'>vanis</span> <span class='ocrx_word' id='word_1_183' title='bbox 983 2059 1063 2120; x_wconf 83' lang='lat' dir='ltr'>eninr</span> 
     </span>
     <span class='ocr_line' id='line_1_23' title="bbox 81 2147 1061 2222; baseline 0.002 -20"><span class='ocrx_word' id='word_1_184' title='bbox 81 2163 163 2208; x_wconf 86' lang='lat' dir='ltr'>vana</span> <span class='ocrx_word' id='word_1_185' title='bbox 183 2149 293 2208; x_wconf 82' lang='lat' dir='ltr'>terrori</span> <span class='ocrx_word' id='word_1_186' title='bbox 308 2155 385 2209; x_wconf 82' lang='lat' dir='ltr'>sunt.</span> <span class='ocrx_word' id='word_1_187' title='bbox 429 2147 570 2208; x_wconf 82' lang='lat' dir='ltr'>curriculi</span> <span class='ocrx_word' id='word_1_188' title='bbox 593 2155 695 2208; x_wconf 89' lang='lat' dir='ltr'>motus</span> <span class='ocrx_word' id='word_1_189' title='bbox 717 2155 914 2222; x_wconf 88' lang='lat' dir='ltr'>rotarumque</span> <span class='ocrx_word' id='word_1_190' title='bbox 938 2151 1061 2205; x_wconf 90' lang='lat' dir='ltr'>versata</span> 
     </span>
     <span class='ocr_line' id='line_1_24' title="bbox 81 2229 1063 2306; baseline -0.002 -16"><span class='ocrx_word' id='word_1_191' title='bbox 81 2231 177 2290; x_wconf 83' lang='lat' dir='ltr'>facies</span> <span class='ocrx_word' id='word_1_192' title='bbox 193 2232 300 2292; x_wconf 87' lang='lat' dir='ltr'>leones</span> <span class='ocrx_word' id='word_1_193' title='bbox 315 2232 433 2306; x_wconf 82' lang='lat' dir='ltr'>redegit</span> <span class='ocrx_word' id='word_1_194' title='bbox 446 2232 476 2290; x_wconf 95' lang='lat' dir='ltr'>in</span> <span class='ocrx_word' id='word_1_195' title='bbox 493 2247 628 2290; x_wconf 80' lang='lat' dir='ltr'>caveam.</span> <span class='ocrx_word' id='word_1_196' title='bbox 664 2230 844 2306; x_wconf 86' lang='lat' dir='ltr'>elephantos</span> <span class='ocrx_word' id='word_1_197' title='bbox 860 2229 987 2306; x_wconf 86' lang='lat' dir='ltr'>porcina</span> <span class='ocrx_word' id='word_1_198' title='bbox 1000 2245 1063 2290; x_wconf 89' lang='lat' dir='ltr'>vox</span> 
     </span>
     <span class='ocr_line' id='line_1_25' title="bbox 79 2312 1091 2390; baseline -0.004 -15"><span class='ocrx_word' id='word_1_199' title='bbox 79 2321 183 2375; x_wconf 77' lang='lat' dir='ltr'>tenea</span> <span class='ocrx_word' id='word_1_200' title='bbox 212 2313 264 2376; x_wconf 84' lang='lat' dir='ltr'>Sis</span> <span class='ocrx_word' id='word_1_201' title='bbox 277 2314 381 2390; x_wconf 88' lang='lat' dir='ltr'>itaque</span> <span class='ocrx_word' id='word_1_202' title='bbox 396 2315 442 2374; x_wconf 88' lang='lat' dir='ltr'>ira</span> <span class='ocrx_word' id='word_1_203' title='bbox 454 2315 604 2386; x_wconf 84' lang='lat' dir='ltr'>metuitur,</span> <span class='ocrx_word' id='word_1_204' title='bbox 621 2315 777 2388; x_wconf 86' lang='lat' dir='ltr'>quomodo</span> <span class='ocrx_word' id='word_1_205' title='bbox 792 2313 901 2375; x_wconf 90' lang='lat' dir='ltr'>umbra</span> <span class='ocrx_word' id='word_1_206' title='bbox 915 2313 952 2373; x_wconf 85' lang='lat' dir='ltr'>ab</span> <span class='ocrx_word' id='word_1_207' title='bbox 964 2312 1091 2372; x_wconf 79' lang='lat' dir='ltr'>infun-6</span> 
     </span>
     <span class='ocr_line' id='line_1_26' title="bbox 80 2396 1063 2473; baseline -0.003 -16"><span class='ocrx_word' id='word_1_208' title='bbox 80 2397 172 2471; x_wconf 87' lang='lat' dir='ltr'>tibus,</span> <span class='ocrx_word' id='word_1_209' title='bbox 189 2415 207 2458; x_wconf 91' lang='lat' dir='ltr'>a</span> <span class='ocrx_word' id='word_1_210' title='bbox 222 2398 294 2457; x_wconf 80' lang='lat' dir='ltr'>seris</span> <span class='ocrx_word' id='word_1_211' title='bbox 309 2398 423 2458; x_wconf 88' lang='lat' dir='ltr'>rubens</span> <span class='ocrx_word' id='word_1_212' title='bbox 441 2399 542 2472; x_wconf 91' lang='lat' dir='ltr'>pinna.</span> <span class='ocrx_word' id='word_1_213' title='bbox 576 2414 637 2457; x_wconf 89' lang='lat' dir='ltr'>non</span> <span class='ocrx_word' id='word_1_214' title='bbox 653 2398 723 2473; x_wconf 88' lang='lat' dir='ltr'>ipsa</span> <span class='ocrx_word' id='word_1_215' title='bbox 735 2399 766 2458; x_wconf 92' lang='lat' dir='ltr'>in</span> <span class='ocrx_word' id='word_1_216' title='bbox 782 2413 817 2459; x_wconf 87' lang='lat' dir='ltr'>se</span> <span class='ocrx_word' id='word_1_217' title='bbox 833 2398 995 2473; x_wconf 84' lang='lat' dir='ltr'>quiequam</span> <span class='ocrx_word' id='word_1_218' title='bbox 1009 2396 1063 2455; x_wconf 83' lang='lat' dir='ltr'>ha-</span> 
     </span>
     <span class='ocr_line' id='line_1_27' title="bbox 82 2481 868 2556; baseline -0.003 -15"><span class='ocrx_word' id='word_1_219' title='bbox 82 2481 135 2541; x_wconf 83' lang='lat' dir='ltr'>bet</span> <span class='ocrx_word' id='word_1_220' title='bbox 145 2482 265 2541; x_wconf 89' lang='lat' dir='ltr'>firmurn</span> <span class='ocrx_word' id='word_1_221' title='bbox 281 2488 333 2542; x_wconf 85' lang='lat' dir='ltr'>aut</span> <span class='ocrx_word' id='word_1_222' title='bbox 348 2482 434 2556; x_wconf 79' lang='lat' dir='ltr'>forte,</span> <span class='ocrx_word' id='word_1_223' title='bbox 449 2481 507 2542; x_wconf 91' lang='lat' dir='ltr'>sed</span> <span class='ocrx_word' id='word_1_224' title='bbox 521 2483 605 2541; x_wconf 87' lang='lat' dir='ltr'>leves</span> <span class='ocrx_word' id='word_1_225' title='bbox 622 2481 742 2543; x_wconf 88' lang='lat' dir='ltr'>animos</span> <span class='ocrx_word' id='word_1_226' title='bbox 756 2488 868 2542; x_wconf 87' lang='lat' dir='ltr'>movet.</span> 
     </span>
    </p>

    <p class='ocr_par' dir='ltr' id='par_1_4' title="bbox 78 2562 1157 3561">
     <span class='ocr_line' id='line_1_28' title="bbox 142 2562 1157 2642; baseline -0.003 -18"><span class='ocrx_word' id='word_1_227' title='bbox 142 2564 209 2624; x_wconf 89' lang='lat' dir='ltr'><strong>XII.</strong></span> <span class='ocrx_word' id='word_1_228' title='bbox 241 2565 410 2639; x_wconf 76' lang='lat' dir='ltr'>„Nequitia</span> <span class='ocrx_word' id='word_1_229' title='bbox 430 2563 535 2640; x_wconf 84' lang='lat' dir='ltr'>inquit,</span> <span class='ocrx_word' id='word_1_230' title='bbox 555 2566 594 2626; x_wconf 88' lang='lat' dir='ltr'>de</span> <span class='ocrx_word' id='word_1_231' title='bbox 614 2581 715 2625; x_wconf 88' lang='lat' dir='ltr'>rerum</span> <span class='ocrx_word' id='word_1_232' title='bbox 736 2571 846 2624; x_wconf 81' lang='lat' dir='ltr'>natura</span> <span class='ocrx_word' id='word_1_233' title='bbox 858 2562 992 2624; x_wconf 89' lang='lat' dir='ltr'>tollenda</span> <span class='ocrx_word' id='word_1_234' title='bbox 1007 2568 1091 2632; x_wconf 87' lang='lat' dir='ltr'>est,1</span> <span class='ocrx_word' id='word_1_235' title='bbox 1147 2623 1157 2642; x_wconf 38' lang='lat' dir='ltr'>f</span> 
     </span>
     <span class='ocr_line' id='line_1_29' title="bbox 83 2643 1062 2724; baseline -0.006 -16"><span class='ocrx_word' id='word_1_236' title='bbox 83 2649 109 2708; x_wconf 91' lang='lat' dir='ltr'>si</span> <span class='ocrx_word' id='word_1_237' title='bbox 125 2647 202 2708; x_wconf 88' lang='lat' dir='ltr'>velis</span> <span class='ocrx_word' id='word_1_238' title='bbox 224 2649 300 2708; x_wconf 88' lang='lat' dir='ltr'>iram</span> <span class='ocrx_word' id='word_1_239' title='bbox 320 2650 442 2709; x_wconf 83' lang='lat' dir='ltr'>tollere:</span> <span class='ocrx_word' id='word_1_240' title='bbox 467 2657 607 2709; x_wconf 85' lang='lat' dir='ltr'>neutrum</span> <span class='ocrx_word' id='word_1_241' title='bbox 628 2654 728 2708; x_wconf 81' lang='lat' dir='ltr'>autern</span> <span class='ocrx_word' id='word_1_242' title='bbox 750 2654 852 2724; x_wconf 87' lang='lat' dir='ltr'>potest</span> <span class='ocrx_word' id='word_1_243' title='bbox 870 2645 967 2705; x_wconf 84' lang='lat' dir='ltr'>fleri.‘.‘</span> <span class='ocrx_word' id='word_1_244' title='bbox 999 2643 1062 2703; x_wconf 90' lang='lat' dir='ltr'>Pri-</span> 
     </span>
     <span class='ocr_line' id='line_1_30' title="bbox 81 2731 1063 2807; baseline -0.003 -17"><span class='ocrx_word' id='word_1_245' title='bbox 81 2745 163 2790; x_wconf 89' lang='lat' dir='ltr'>mum</span> <span class='ocrx_word' id='word_1_246' title='bbox 179 2739 283 2807; x_wconf 87' lang='lat' dir='ltr'>potest</span> <span class='ocrx_word' id='word_1_247' title='bbox 298 2731 408 2806; x_wconf 82' lang='lat' dir='ltr'>aliquis</span> <span class='ocrx_word' id='word_1_248' title='bbox 423 2749 483 2792; x_wconf 89' lang='lat' dir='ltr'>non</span> <span class='ocrx_word' id='word_1_249' title='bbox 502 2734 613 2807; x_wconf 82' lang='lat' dir='ltr'>algere,</span> <span class='ocrx_word' id='word_1_250' title='bbox 628 2732 768 2806; x_wconf 86' lang='lat' dir='ltr'>quamvis</span> <span class='ocrx_word' id='word_1_251' title='bbox 786 2745 826 2790; x_wconf 85' lang='lat' dir='ltr'>ex</span> <span class='ocrx_word' id='word_1_252' title='bbox 839 2745 938 2790; x_wconf 89' lang='lat' dir='ltr'>rerum</span> <span class='ocrx_word' id='word_1_253' title='bbox 955 2734 1063 2788; x_wconf 87' lang='lat' dir='ltr'>natura</span> 
     </span>
     <span class='ocr_line' id='line_1_31' title="bbox 79 2811 1061 2890; baseline -0.003 -17"><span class='ocrx_word' id='word_1_254' title='bbox 79 2813 180 2874; x_wconf 89' lang='lat' dir='ltr'>hiems</span> <span class='ocrx_word' id='word_1_255' title='bbox 201 2815 250 2890; x_wconf 86' lang='lat' dir='ltr'>sit,</span> <span class='ocrx_word' id='word_1_256' title='bbox 271 2823 303 2875; x_wconf 90' lang='lat' dir='ltr'>et</span> <span class='ocrx_word' id='word_1_257' title='bbox 324 2832 385 2876; x_wconf 90' lang='lat' dir='ltr'>nun</span> <span class='ocrx_word' id='word_1_258' title='bbox 400 2823 550 2888; x_wconf 83' lang='lat' dir='ltr'>aestuare,</span> <span class='ocrx_word' id='word_1_259' title='bbox 573 2814 713 2890; x_wconf 86' lang='lat' dir='ltr'>quamvis</span> <span class='ocrx_word' id='word_1_260' title='bbox 728 2829 852 2875; x_wconf 88' lang='lat' dir='ltr'>menses</span> <span class='ocrx_word' id='word_1_261' title='bbox 868 2811 976 2874; x_wconf 87' lang='lat' dir='ltr'>aestivi</span> <span class='ocrx_word' id='word_1_262' title='bbox 992 2811 1061 2873; x_wconf 84' lang='lat' dir='ltr'>sint.</span> 
     </span>
     <span class='ocr_line' id='line_1_32' title="bbox 82 2897 1064 2972; baseline -0.002 -15"><span class='ocrx_word' id='word_1_263' title='bbox 82 2905 134 2958; x_wconf 88' lang='lat' dir='ltr'>aut</span> <span class='ocrx_word' id='word_1_264' title='bbox 157 2899 219 2960; x_wconf 85' lang='lat' dir='ltr'>loci</span> <span class='ocrx_word' id='word_1_265' title='bbox 239 2899 389 2960; x_wconf 81' lang='lat' dir='ltr'>beneficio</span> <span class='ocrx_word' id='word_1_266' title='bbox 411 2901 561 2960; x_wconf 86' lang='lat' dir='ltr'>adversus</span> <span class='ocrx_word' id='word_1_267' title='bbox 583 2898 792 2972; x_wconf 82' lang='lat' dir='ltr'>intemperiem</span> <span class='ocrx_word' id='word_1_268' title='bbox 817 2897 888 2957; x_wconf 85' lang='lat' dir='ltr'>anni</span> <span class='ocrx_word' id='word_1_269' title='bbox 911 2903 994 2956; x_wconf 89' lang='lat' dir='ltr'>tutus</span> <span class='ocrx_word' id='word_1_270' title='bbox 1015 2901 1064 2956; x_wconf 84' lang='lat' dir='ltr'>est</span> 
     </span>
     <span class='ocr_line' id='line_1_33' title="bbox 81 2979 1089 3058; baseline -0.001 -17"><span class='ocrx_word' id='word_1_271' title='bbox 81 2989 133 3042; x_wconf 86' lang='lat' dir='ltr'>aut</span> <span class='ocrx_word' id='word_1_272' title='bbox 148 2982 294 3057; x_wconf 80' lang='lat' dir='ltr'>patientia</span> <span class='ocrx_word' id='word_1_273' title='bbox 312 2984 451 3058; x_wconf 86' lang='lat' dir='ltr'>corporis</span> <span class='ocrx_word' id='word_1_274' title='bbox 467 2998 593 3044; x_wconf 89' lang='lat' dir='ltr'>sensum</span> <span class='ocrx_word' id='word_1_275' title='bbox 607 2981 766 3058; x_wconf 83' lang='lat' dir='ltr'>utriusque</span> <span class='ocrx_word' id='word_1_276' title='bbox 781 2979 918 3058; x_wconf 83' lang='lat' dir='ltr'>pervicit.</span> <span class='ocrx_word' id='word_1_277' title='bbox 943 2979 1089 3040; x_wconf 82' lang='lat' dir='ltr'>Deinden</span> 
     </span>
     <span class='ocr_line' id='line_1_34' title="bbox 78 3064 1059 3141; baseline -0.001 -19"><span class='ocrx_word' id='word_1_278' title='bbox 78 3071 167 3125; x_wconf 77' lang='lat' dir='ltr'>uerte</span> <span class='ocrx_word' id='word_1_279' title='bbox 180 3065 278 3128; x_wconf 79' lang='lat' dir='ltr'>istud:</span> <span class='ocrx_word' id='word_1_280' title='bbox 303 3081 434 3127; x_wconf 85' lang='lat' dir='ltr'>neeesse</span> <span class='ocrx_word' id='word_1_281' title='bbox 454 3073 503 3126; x_wconf 89' lang='lat' dir='ltr'>est</span> <span class='ocrx_word' id='word_1_282' title='bbox 520 3066 604 3141; x_wconf 90' lang='lat' dir='ltr'>prius</span> <span class='ocrx_word' id='word_1_283' title='bbox 627 3064 767 3128; x_wconf 85' lang='lat' dir='ltr'>virtutem</span> <span class='ocrx_word' id='word_1_284' title='bbox 789 3081 826 3125; x_wconf 87' lang='lat' dir='ltr'>ex</span> <span class='ocrx_word' id='word_1_285' title='bbox 848 3064 948 3124; x_wconf 88' lang='lat' dir='ltr'>animo</span> <span class='ocrx_word' id='word_1_286' title='bbox 968 3064 1059 3123; x_wconf 86' lang='lat' dir='ltr'>tollas</span> 
     </span>
     <span class='ocr_line' id='line_1_35' title="bbox 82 3146 1061 3225; baseline -0.002 -17"><span class='ocrx_word' id='word_1_287' title='bbox 82 3165 174 3222; x_wconf 89' lang='lat' dir='ltr'>qnam</span> <span class='ocrx_word' id='word_1_288' title='bbox 195 3149 384 3210; x_wconf 78' lang='lat' dir='ltr'>iracundiam</span> <span class='ocrx_word' id='word_1_289' title='bbox 399 3149 548 3225; x_wconf 84' lang='lat' dir='ltr'>recipias,</span> <span class='ocrx_word' id='word_1_290' title='bbox 568 3149 712 3224; x_wconf 88' lang='lat' dir='ltr'>quoniam</span> <span class='ocrx_word' id='word_1_291' title='bbox 730 3165 799 3210; x_wconf 89' lang='lat' dir='ltr'>eurn</span> <span class='ocrx_word' id='word_1_292' title='bbox 812 3148 973 3209; x_wconf 86' lang='lat' dir='ltr'>virtutibus</span> <span class='ocrx_word' id='word_1_293' title='bbox 989 3146 1061 3207; x_wconf 88' lang='lat' dir='ltr'>vitia</span> 
     </span>
     <span class='ocr_line' id='line_1_36' title="bbox 80 3231 1060 3309; baseline -0.002 -18"><span class='ocrx_word' id='word_1_294' title='bbox 80 3249 140 3294; x_wconf 86' lang='lat' dir='ltr'>nen</span> <span class='ocrx_word' id='word_1_295' title='bbox 158 3241 280 3294; x_wconf 84' lang='lat' dir='ltr'>coeunt.</span> <span class='ocrx_word' id='word_1_296' title='bbox 317 3249 375 3294; x_wconf 83' lang='lat' dir='ltr'>neu</span> <span class='ocrx_word' id='word_1_297' title='bbox 389 3232 492 3308; x_wconf 58' lang='lat' dir='ltr'>magis,</span> <span class='ocrx_word' id='word_1_298' title='bbox 503 3231 666 3309; x_wconf 89' lang='lat' dir='ltr'>quisquam</span> <span class='ocrx_word' id='word_1_299' title='bbox 682 3233 793 3294; x_wconf 86' lang='lat' dir='ltr'>eodem</span> <span class='ocrx_word' id='word_1_300' title='bbox 806 3239 944 3308; x_wconf 85' lang='lat' dir='ltr'>ternpore</span> <span class='ocrx_word' id='word_1_301' title='bbox 959 3239 989 3291; x_wconf 87' lang='lat' dir='ltr'>et</span> <span class='ocrx_word' id='word_1_302' title='bbox 1003 3231 1060 3289; x_wconf 86' lang='lat' dir='ltr'>ira-</span> 
     </span>
     <span class='ocr_line' id='line_1_37' title="bbox 79 3315 1091 3392; baseline -0.001 -16"><span class='ocrx_word' id='word_1_303' title='bbox 79 3326 129 3376; x_wconf 87' lang='lat' dir='ltr'>tus</span> <span class='ocrx_word' id='word_1_304' title='bbox 145 3323 334 3392; x_wconf 78' lang='lat' dir='ltr'>potestesse</span> <span class='ocrx_word' id='word_1_305' title='bbox 349 3318 438 3378; x_wconf 90' lang='lat' dir='ltr'>etvir</span> <span class='ocrx_word' id='word_1_306' title='bbox 454 3316 555 3378; x_wconf 89' lang='lat' dir='ltr'>bonus</span> <span class='ocrx_word' id='word_1_307' title='bbox 571 3334 662 3392; x_wconf 86' lang='lat' dir='ltr'>quarn</span> <span class='ocrx_word' id='word_1_308' title='bbox 682 3332 774 3392; x_wconf 83' lang='lat' dir='ltr'>aeger</span> <span class='ocrx_word' id='word_1_309' title='bbox 788 3323 819 3376; x_wconf 89' lang='lat' dir='ltr'>et</span> <span class='ocrx_word' id='word_1_310' title='bbox 833 3332 937 3377; x_wconf 86' lang='lat' dir='ltr'>sanus.</span> <span class='ocrx_word' id='word_1_311' title='bbox 974 3315 1091 3388; x_wconf 73' lang='lat' dir='ltr'>„Nune</span> 
     </span>
     <span class='ocr_line' id='line_1_38' title="bbox 79 3396 1058 3476; baseline -0.007 -16"><span class='ocrx_word' id='word_1_312' title='bbox 79 3407 193 3475; x_wconf 89' lang='lat' dir='ltr'>potest,</span> <span class='ocrx_word' id='word_1_313' title='bbox 208 3401 314 3476; x_wconf 82' lang='lat' dir='ltr'>inquit,</span> <span class='ocrx_word' id='word_1_314' title='bbox 334 3401 431 3463; x_wconf 88' lang='lat' dir='ltr'>omnis</span> <span class='ocrx_word' id='word_1_315' title='bbox 448 3416 487 3460; x_wconf 85' lang='lat' dir='ltr'>ex</span> <span class='ocrx_word' id='word_1_316' title='bbox 506 3401 606 3461; x_wconf 89' lang='lat' dir='ltr'>animo</span> <span class='ocrx_word' id='word_1_317' title='bbox 624 3401 670 3460; x_wconf 89' lang='lat' dir='ltr'>ira</span> <span class='ocrx_word' id='word_1_318' title='bbox 683 3401 764 3461; x_wconf 87' lang='lat' dir='ltr'>tolli=</span> <span class='ocrx_word' id='word_1_319' title='bbox 781 3415 839 3460; x_wconf 85' lang='lat' dir='ltr'>nee</span> <span class='ocrx_word' id='word_1_320' title='bbox 853 3398 913 3459; x_wconf 87' lang='lat' dir='ltr'>hoe</span> <span class='ocrx_word' id='word_1_321' title='bbox 928 3396 1058 3458; x_wconf 88' lang='lat' dir='ltr'>hominis</span> 
     </span>
     <span class='ocr_line' id='line_1_39' title="bbox 78 3479 1060 3561; baseline -0.008 -19"><span class='ocrx_word' id='word_1_322' title='bbox 78 3494 189 3546; x_wconf 81' lang='lat' dir='ltr'>natura</span> <span class='ocrx_word' id='word_1_323' title='bbox 205 3485 348 3560; x_wconf 81' lang='lat' dir='ltr'>patitur.“</span> <span class='ocrx_word' id='word_1_324' title='bbox 385 3486 480 3561; x_wconf 83' lang='lat' dir='ltr'>Atqui</span> <span class='ocrx_word' id='word_1_325' title='bbox 503 3485 575 3544; x_wconf 91' lang='lat' dir='ltr'>nihil</span> <span class='ocrx_word' id='word_1_326' title='bbox 596 3490 644 3546; x_wconf 86' lang='lat' dir='ltr'>est</span> <span class='ocrx_word' id='word_1_327' title='bbox 667 3491 728 3545; x_wconf 84' lang='lat' dir='ltr'>tarn</span> <span class='ocrx_word' id='word_1_328' title='bbox 749 3483 873 3544; x_wconf 83' lang='lat' dir='ltr'>difficile</span> <span class='ocrx_word' id='word_1_329' title='bbox 887 3488 918 3542; x_wconf 89' lang='lat' dir='ltr'>et</span> <span class='ocrx_word' id='word_1_330' title='bbox 932 3479 1060 3540; x_wconf 90' lang='lat' dir='ltr'>arduum</span> 
     </span>
    </p>
   </div>
   <div class='ocr_carea' id='block_1_3' title="bbox 0 0 1266 3906">
    <p class='ocr_par' dir='ltr' id='par_1_5' title="bbox 0 0 1266 3906">
     <span class='ocr_line' id='line_1_40' title="bbox 0 0 1266 3906; baseline 0 0"><span class='ocrx_word' id='word_1_331' title='bbox 0 0 1266 3906; x_wconf 95' lang='lat' dir='ltr'> </span> 
     </span>
    </p>
   </div>
  </div>
 </body>
</html>
