2546 3890
291 243 342 305 DE
358 243 577 336 CLEMENTIA
596 243 669 304 LlB.
681 245 703 303 t.
719 243 841 307 '9-12.
991 243 1056 309 287

80 403 165 456 ratus
188 403 218 455 et
237 397 386 468 clemens,
408 393 519 469 nempe
540 402 611 469 post
635 410 719 455 mare
738 395 896 456 Actiacum
914 397 1055 459 Romano

80 494 191 539 cruore
205 479 363 550 iniectum,
384 493 495 554 nempe
510 487 582 552 post
597 480 707 538 tractes
722 479 753 538 in
769 477 873 538 Sicilia
888 481 1005 541 classes
1024 491 1054 542 ct

80 579 155 622 suas
171 568 202 620 ct
215 561 347 635 alienas,
379 577 490 637 nempe
510 569 582 638 post
595 561 758 622 Perusinas
778 577 849 622 aras
871 571 902 623 et
920 563 1052 637 proscri-

79 647 214 722 ptiones.
246 643 312 722 Ego
328 661 402 705 vero
418 645 606 705 clementiam
623 661 685 704 non
700 660 778 706 voco
794 648 907 706 lassam
923 647 1085 713 crudeli-n

80 738 190 790 tatem:
211 727 288 789 haec
303 735 364 802 est,
381 728 508 800 Caesar,
528 729 688 789 clementia
701 744 790 801 vcra,
811 746 901 804 quam
916 737 949 790 tu
963 746 1052 806 prae-

81 822 161 888 stas,
184 828 264 888 quae
279 827 339 871 non
356 811 501 872 saevitiae
515 810 702 888 poenitentia
720 813 836 887 coepit,
866 813 978 873 nullam
998 813 1051 872 ha·

78 897 156 956 bere
179 897 343 966 maculam,
376 911 540 970 numquam
567 895 685 956 civilem
714 895 894 970 sanguinem
923 896 1053 956 fudisse.

79 980 158 1040 haec
184 979 281 1040 estin
301 978 434 1038 maxima
457 969 617 1054 potcstate'
634 979 796 1039 verissima
818 979 910 1039 animi
937 987 1053 1056 tempe-

79 1063 180 1123 rantia
197 1071 227 1123 et
239 1064 362 1122 humani
376 1062 498 1137 generis
520 1063 700 1138 conprendit
714 1067 867 1136 terminos,
889 1081 950 1124 uon
967 1065 1052 1140 cupi-

81 1147 176 1206 ditate
191 1146 308 1232 aliqua,
332 1151 393 1207 nou
404 1146 571 1207 temeritate
585 1146 722 1221 incendi,
737 1163 798 1208 non
815 1147 949 1222 priorum
968 1148 1050 1222 prin-

81 1232 185 1305 cipum
197 1230 347 1305 exemplis
363 1237 539 1304 corruptum
554 1238 700 1305 quantum
719 1231 748 1290 in
772 1231 855 1292 cives
871 1247 947 1292 suos
962 1232 1053 1292 liceat

81 1314 270 1389 experiendo
296 1321 457 1388 temptare,
485 1313 542 1373 sed
562 1313 707 1374 hebetare
729 1316 826 1376 aciem
850 1314 969 1391 imperii
993 1317 1050 1376 sui.

79 1398 273 1472 Praestitisti,
296 1396 423 1472 Caesar,
447 1397 596 1456 civitatem
618 1396 805 1458 incruentam
832 1405 862 1458 et
884 1399 945 1459 hoc
967 1399 1083 1472 quoda

80 1497 193 1555 magno
214 1482 314 1541 animo
336 1480 483 1555 gloriatus
507 1495 557 1540 esa
579 1483 691 1541 nullam
711 1489 741 1542 te
761 1489 825 1543 toto
848 1483 922 1543 orbe
942 1483 1052 1542 stillam

81 1565 201 1624 cruoris
229 1565 352 1624 humani
376 1564 514 1638 misisse,
547 1580 597 1624 eo·
614 1565 712 1624 maius
742 1573 789 1625 est
811 1565 1050 1640 mirabiliusque,

83 1647 169 1723 quod
184 1649 256 1710 nulli
272 1663 416 1723 umquam
437 1641 665 1722 citius'gladius
689 1649 872 1709 commissus
893 1656 948 1710 est.
986 1648 1081 1708 clet

80 1730 193 1792 mentia
209 1747 282 1806 ergo
299 1747 359 1790 non
373 1738 489 1792 tantum
507 1730 716 1804 honestiores,
739 1733 795 1792 sed
815 1733 942 1793 tutiores
964 1749 1051 1808 prae-

83 1822 157 1886 stat,
174 1822 445 1890 ornamentumque
459 1814 654 1888 imperiorum
670 1821 718 1876 est
732 1817 821 1876 simul
838 1823 868 1875 et
881 1816 1052 1876 certissima

81 1899 176 1958 salus.
216 1897 293 1972 Quid
318 1897 397 1958 enim
418 1904 480 1970 est,
501 1897 617 1974 [quod,]
640 1914 710 1958 cum
730 1914 820 1972 reges
835 1900 1052 1974 consenuerint

80 1982 249 2058 liberisque
268 1998 305 2041 ac
328 1980 494 2056 nepotibus
518 1982 697 2042 tradiderint
715 1997 825 2056 regna,
850 1991 1051 2060 tyrannorum
1140 2017 1142 2022 ·

81 2064 280 2125 exsecrabilis
301 2081 339 2125 ac
359 2064 461 2128 brevis
483 2071 621 2140 potestas
643 2071 712 2126 estt
740 2063 816 2139 Quid
835 2066 961 2126 interest
974 2066 1052 2124 inter

81 2156 244 2226 tyrannum
258 2156 287 2208 et
308 2155 435 2224 regern?
462 2149 584 2224 species
606 2147 686 2208 enirn
709 2148 777 2224 ipsa
798 2149 937 2210 fortunae
958 2164 995 2208 ac
1015 2147 1049 2206 li·
1127 2211 1129 2216 ,

80 2233 180 2291 centia
194 2249 250 2308 par
264 2240 326 2304 est,
343 2233 402 2292 nisi
417 2233 502 2308 quod
515 2231 638 2311 tyranni
652 2233 683 2290 in
696 2233 884 2308 voluptatem
900 2232 1048 2304 saeviunt,
1102 2269 1112 2281 -

79 2331 170 2389 reges
186 2332 247 2377 non
262 2316 320 2376 nisi
335 2332 374 2375 ex
390 2331 485 2376 causa
499 2332 536 2376 ac
551 2317 744 2376 necessitate.

142 2399 206 2458 Xll.
228 2399 306 2474 Quid
321 2406 415 2473 ergo?
443 2415 505 2459 non
527 2415 617 2474 reges
632 2415 757 2473 quoque
772 2398 913 2459 occidere
931 2400 1078 2463 solenttl

80 2483 137 2543 sed
154 2483 295 2558 quotiens
309 2481 341 2542 id
355 2482 422 2542 fleri
441 2483 562 2557 publica
576 2481 689 2542 utilitas
703 2482 883 2557 persuadet:
911 2482 1050 2558 tyrannis

79 2566 209 2626 saevitia
223 2567 308 2626 cordi
323 2573 379 2626 cst.
417 2566 579 2645 Tyrannus
597 2571 698 2626 autern
718 2580 737 2624 a
755 2580 829 2639 rege
843 2563 936 2624 distat
951 2563 1050 2637 lactis,

78 2665 140 2709 non
149 2651 280 2710 nomine.
297 2665 366 2708 narn
378 2651 582 2728 etDionysius
594 2649 692 2708 maior
702 2648 768 2708 iure
779 2647 949 2722 meritoque
961 2661 1049 2722 prae·
1078 2723 1080 2726 Ι
1171 2704 1172 2708 ,

78 2731 152 2793 lerri
172 2733 273 2794 multis
294 2733 418 2808 regibus
438 2740 541 2810 potest
560 2739 590 2793 et
602 2733 636 2792 L.
651 2731 766 2792 Sullam
784 2731 931 2807 adpellari
945 2737 1048 2808 lyran-

78 2817 241 2892 numquid
257 2815 413 2892 prohibet,
430 2817 479 2878 cui
494 2815 655 2877 occidendi
668 2815 760 2875 linem
779 2815 851 2876 lecit
869 2813 974 2890 inopia
995 2813 1049 2873 ho·

79 2897 194 2960 stium‘t
213 2899 414 2960 Descenderit
424 2900 526 2960 licete
546 2900 696 2960 dictatura
711 2906 812 2960 suaet
827 2914 862 2959 se
876 2907 966 2974 togae
980 2897 1079 2964 red-t
1142 2911 1144 2916 “

78 2983 205 3058 diderit,
231 2983 299 3059 quis
317 2990 417 3043 mmen
437 2999 581 3060 umquam
601 2989 753 3062 tyrannus
766 2989 826 3042 tam
842 2981 932 3042 avide
945 2981 1050 3040 huma·

77 3081 150 3126 num
165 3067 344 3142 sanguinem
358 3067 433 3127 bibit
447 3065 618 3144 quam'ille,
645 3066 697 3142 qui
712 3073 829 3142 septem
844 3065 926 3124 milia
940 3063 1051 3124 civium

76 3149 286 3212 Romanorum
307 3151 511 3212 contrucidari
533 3149 644 3211 lussitt
673 3160 704 3213 et
730 3165 799 3211 oum
826 3150 856 3208 in
884 3148 985 3208 vicino
1010 3149 1051 3208 ad

77 3233 188 3294 aedem
201 3233 347 3296 Bellonae
371 3234 485 3294 sedens
509 3233 689 3295 exaudisset
715 3232 985 3294 conclamationem
1006 3239 1052 3292 tot

76 3317 192 3378 milium
203 3318 262 3390 sub
276 3317 379 3394 gladio
391 3318 583 3392 gementium,
599 3317 743 3378 exterrito
755 3323 878 3376 senatu=
893 3315 959 3378 Hoc
969 3331 1051 3390 aaa·

76 3416 157 3476 mus,
183 3401 298 3476 inquit,
319 3403 354 3462 P.
370 3402 416 3475 a,
441 3402 573 3462 seditiosi
581 3403 709 3478 pauculi
727 3417 790 3461 ntea
804 3403 886 3462 iussu
904 3401 1050 3462 madem-

77 3491 136 3547 tur.
167 3484 235 3546 Hoc
256 3501 317 3546 non
343 3493 391 3546 est
415 3484 573 3546 mentitus:
606 3482 698 3561 pauci
723 3483 827 3545 Sullae
859 3483 1050 3544 videbantur.
