2546 3890
131 211 1075 317 111111111111111111111111111111111

89 411 162 466 mot
194 401 320 482 Scythia
339 411 370 463 et
390 409 470 463 tutus
488 403 535 461 ille
554 403 683 462 terarum
699 402 973 479 indomitarumque
986 419 1059 478 gen-

90 490 164 548 tium
179 495 293 550 tractus
307 486 445 546 civitates
458 485 594 545 Achaiae
609 483 742 546 Ponticis
756 485 906 561 inpositas
921 486 1059 550 litoribus

91 578 234 633 ostentat
263 570 332 630 Non
353 574 518 646 perpetuae
538 568 645 628 hiemis
661 568 803 642 saevitia,
827 585 888 628 non
904 569 1059 631 homiuum

90 655 213 731 ingenia
232 653 274 718 ad
291 652 513 714 similitudinem
530 650 608 712 coeli
621 653 669 712 sui
684 650 837 712 horrentia
851 652 1058 714 transferenti-

1 795 2 798 ,
90 739 149 798 hus
175 739 285 798 domos
305 752 380 796 suas
394 735 582 796 obstiterunt.
611 734 740 795 Athenis
760 733 791 794 in
807 735 882 796 Asia
899 736 1087 797 1111111111

89 822 211 882 Miletus
236 820 371 896 quinque
396 825 425 878 et
449 817 642 893 septuaginta
660 816 778 878 urbium
801 821 948 894 populum
969 819 999 880 in
1014 821 1059 880 di-

90 919 182 966 versa
196 903 312 964 effudit.
334 908 427 962 totum
443 901 545 961 ltaliae
559 903 647 973 11111,
664 901 748 976 quod
763 899 861 961 iniero
876 902 950 962 mari
962 903 1057 964 adlui-

90 997 153 1057 tur,
168 987 265 1047 maior
280 985 407 1046 Graecia
423 985 486 1044 luit.
513 986 631 1046 Tuscos
645 985 720 1044 Asia
736 982 794 1044 sibi
809 983 954 1046 vindicat.
975 985 1059 1064 Tyrii

90 1071 224 1131 Africam
239 1070 382 1130 incolunt
409 1067 438 1126 in
454 1067 631 1142 Hispaniam
645 1067 752 1141 Poeni,
774 1067 881 1128 Graeci
895 1083 930 1128 se
944 1070 974 1128 in
990 1070 1057 1130 Gat-

90 1155 161 1214 liam
175 1152 367 1224 inmiserunt,
382 1151 412 1210 in
427 1150 583 1212 Graeciam
598 1151 684 1211 Galli.
706 1150 883 1228 Pyrenaeus
894 1151 1058 1214 Germano·

86 1255 157 1308 ¹rurn
172 1236 316 1298 transitus
331 1251 392 1294 nou
407 1233 545 1294 inhibuit.
566 1234 624 1294 Per
637 1233 789 1310 incognita
802 1233 939 1296 versavit
952 1252 987 1296 se
1002 1236 1084 1298 hus

89 1337 181 1380 mana
194 1319 312 1380 levitas.
333 1318 447 1379 liberos
462 1318 670 1393 coniugesque
683 1324 714 1378 et
728 1332 838 1399 graues
851 1319 938 1379 senio
950 1335 1058 1395 paren·

90 1413 137 1464 tes
151 1409 318 1464 traxerunt.
350 1399 399 1462 alii
414 1401 512 1476 longo
522 1415 626 1463 errore
639 1399 741 1462 iactati
754 1417 815 1462 uon
830 1401 942 1462 iudicio
958 1404 1057 1478 elege-

89 1494 160 1547 runt
174 1487 283 1561 lucum,
298 1485 357 1546 sed
370 1483 550 1544 lassitudine
566 1484 735 1559 proximum
747 1494 986 1561 occupaverunt.
1007 1485 1059 1546 alii

90 1570 185 1631 armis
205 1568 264 1630 sibi
284 1569 332 1629 ius
346 1569 376 1628 in
391 1567 490 1628 aliena
504 1574 584 1627 terra
599 1568 743 1630 lecerunt.
776 1569 927 1644 quasdam
941 1577 1057 1645 gentes,

90 1669 159 1714 cum
173 1653 277 1729 ignota
292 1657 444 1728 peterent,
459 1666 542 1711 mare
556 1649 665 1711 hausit
689 1651 839 1725 quaedam
854 1651 894 1712 ihi
909 1654 1056 1714 consede·

89 1744 174 1809 runt,
197 1735 248 1798 ubi
266 1735 333 1798 illas
352 1749 454 1794 rerum
468 1733 602 1794 amulum
615 1735 720 1809 inopia
733 1735 885 1811 deposuit.
915 1737 979 1796 Nec
994 1749 1088 1804 omn

89 1819 179 1880 nibus
205 1821 313 1880 eadem
340 1834 436 1878 cause
456 1815 647 1892 relinquendi
675 1816 905 1895 quaerendique
929 1818 1057 1895 patriam

91 1904 160 1962 luit:
175 1903 253 1964 alios
268 1901 389 1962 excidia
402 1898 520 1962 urbium
530 1915 653 1960 suarum
664 1899 1057 1979 hostilibusarmiselapsos

89 1986 120 2045 in
135 1987 253 2046 alienas
275 1985 425 2062 spoliatos
440 1984 505 2044 suis
520 1984 712 2059 expulerunt.
731 1983 809 2046 alius
825 1985 994 2048 domestica
1008 2000 1056 2046 se·

90 2070 163 2129 ditio
179 2067 340 2131 submovit.
362 2066 440 2129 alios
454 2066 547 2126 nimia
563 2065 781 2142 superfluentis
799 2069 905 2145 populi
916 2070 1056 2145 trequen-

89 2153 131 2214 tia
145 2152 185 2214 ad
196 2151 409 2214 exonerandas
424 2151 505 2212 vires
520 2150 628 2212 emisit.
654 2152 731 2212 alios
748 2151 919 2226 pestilentia
932 2161 985 2214 aut
999 2153 1056 2213 111-

90 2245 219 2312 quentes
241 2243 388 2296 terrarum
408 2233 508 2294 hiatus
528 2240 581 2294 aut
600 2234 703 2310 aliqua
722 2235 913 2296 intoleranda
926 2235 1056 2296 infelicis

29 2365 34 2372 .
89 2319 147 2380 soli
173 2319 245 2378 vitia
270 2317 434 2380 eiecerunt
466 2317 616 2394 quosdam
642 2315 749 2378 lertilis
770 2335 843 2380 orae
861 2327 892 2380 et
912 2320 942 2380 in
958 2319 1056 2381 malus

89 2403 230 2463 laudatae
244 2403 325 2462 lama
341 2400 485 2476 corrupit.
512 2401 589 2462 alios
607 2401 667 2462 alia
679 2416 775 2462 causa
788 2403 900 2463 excivit
914 2403 1055 2465 domibus

89 2486 168 2546 suis:
184 2485 259 2545 illud
273 2484 378 2560 utique
393 2485 585 2545 manifestum
601 2491 657 2556 est,
673 2482 747 2544 nihil
762 2486 872 2546 eodem
886 2487 956 2547 loco
971 2495 1085 2546 man-5

89 2569 178 2642 sisse,
196 2585 258 2644 quo
272 2567 407 2644 genitum
421 2573 478 2628 est.
499 2567 650 2628 adsiduus
664 2566 786 2642 generis
801 2567 924 2628 humaui
939 2569 1054 2630 discur-

88 2669 142 2712 sus
157 2659 213 2712 est.
237 2651 347 2712 cotidie
362 2649 478 2726 aliquid
491 2651 521 2711 in
536 2656 596 2709 tam
609 2664 719 2724 magno
732 2649 805 2712 orbe
816 2658 955 2712 mutatur.
976 2667 1056 2712 nova

88 2735 208 2795 urbium
224 2735 419 2800 laudamento
432 2733 589 2794 iaciuntur.
623 2749 704 2793 nova
718 2733 850 2810 gentium
865 2734 988 2796 nomina
1002 2751 1055 2796 ex·
1106 2796 1111 2820 ι

87 2818 206 2878 stinctis
221 2817 374 2893 prioribus
388 2823 440 2878 aut
453 2811 493 2876 in'
500 2815 711 2876 accessionem
727 2817 883 2879 validioris
897 2819 1055 2880 conversis
1106 2821 1112 2881 ζ’

88 2901 235 2970 oriuntur.
258 2899 370 2961 Omnes
385 2907 486 2961 autem
500 2899 578 2960 istae
590 2899 772 2976 populorum
784 2902 1054 2977 transportationes
1106 2887 1126 3018 1&

88 2983 162 3059 quid
185 2983 266 3045 aliud
282 3000 373 3060 quam
387 2983 509 3060 publica
523 2981 614 3044 exilia
628 2990 720 3044 suutt
752 2983 830 3058 Quid
845 2993 875 3046 te
889 2991 948 3046 1111
964 2985 1083 3060 longos

87 3068 216 3128 circuitu
234 3068 343 3129 trahat
375 3066 449 3143 quid
469 3066 594 3126 interest
607 3081 787 3128 enumerare
799 3067 984 3128 Antenorem
998 3068 1053 3130 Pa·

87 3151 158 3212 tavii
179 3151 369 3212 conditorem
389 3157 419 3210 ct
438 3149 614 3210 Euandrum
634 3151 664 3210 in
679 3149 874 3227 ripa'li'beris
888 3155 1053 3228 1111111-

86 3235 197 3296 cadum
212 3231 876 3309 11111111111111111111111111111,
892 3251 970 3311 quos
980 3236 1053 3296 Tro·

86 3314 190 3382 lanum
210 3318 321 3378 bellum
335 3315 433 3378 victos
449 3317 537 3378 simul
551 3317 747 3395 victoresque
762 3333 817 3396 per
828 3318 943 3381 alienas
958 3317 1053 3381 terias

86 3401 270 3478 dissipavit?
290 3402 458 3464 Romanum
473 3398 633 3478 imperium
646 3417 758 3478 nempe
768 3409 924 3464 auctorem
934 3404 1080 3464 exulem?

86 3487 237 3562 respicit·
256 3497 347 3562 quem
365 3487 526 3562 prologum
541 3491 630 3562 capta
643 3485 753 3562 patria,
769 3486 897 3562 exiguas
908 3484 1052 3559 reliquias

832 3567 890 3634 ra*
