2528 3906
232 233 334 292 DIAL.
353 235 404 292 lV.
427 233 477 293 DE
499 233 568 294 litu
589 233 662 293 LlB.
685 235 719 293 ll.
741 243 873 296 ata—35.
1002 235 1042 302 77

59 386 333 446 commendationis
350 386 487 446 adlatura
502 387 541 446 sit
555 387 732 448 clementiae
749 390 844 465 fama,
862 409 952 467 quarn
965 397 1041 454 mul·

62 479 109 530 tos
133 469 227 528 venia
241 469 357 530 amicos
379 471 468 528 utiles
487 470 602 530 fecerit.
635 471 697 531 Nec
718 472 885 534 irascamur
906 474 1070 540 inimico-3

57 571 123 614 rmn
137 560 169 612 et
183 551 316 614 hostium
331 551 444 616 liberis,
476 553 558 612 Inter
573 553 718 614 Sullanae
735 557 921 618 crudelitatis
939 575 1040 620 exem·

58 639 107 711 pla
129 643 192 709 est,
216 637 300 711 quod
322 651 340 694 a
359 637 518 710 republica
532 637 646 698 liberos
661 640 901 713 proscriptorum
917 642 1041 703 submo-

58 722 113 780 vit:
139 720 214 778 nihil
241 727 289 780 est
313 719 448 794 iniquius
476 736 567 796 quam
590 723 723 795 aliquem
751 722 895 783 heredem
922 727 1041 800 paterni

59 804 119 864 odii
135 803 211 863 fieri.
240 801 429 878 Cogitemus,
448 805 590 880 quotiens
608 805 646 863 ad
663 807 885 879 ignoscendum
900 809 1070 871 difficilest

59 889 188 960 crimus,
227 902 265 945 un
294 887 438 960 expediat
461 887 551 947 nobis
582 881 689 948 omnes
721 889 927 952 inexorabiles
959 907 1040 952 csse.

60 987 149 1045 quam
165 985 263 1044 saepe
279 971 397 1030 veniam
414 972 465 1044 qui
482 971 618 1046 negavit,
641 973 736 1048 petiti
757 990 848 1050 quam
865 991 960 1050 saepe
974 976 1040 1036 eius

58 1053 190 1129 pedibus
207 1053 370 1114 advolutus
386 1061 447 1126 cst,
464 1069 587 1129 querna
601 1056 665 1115 suis
679 1057 810 1130 repultta
825 1059 898 1133 quid
914 1065 963 1119 est
975 1060 1034 1134 glo·

58 1137 170 1198 riosius
188 1153 280 1212 quam
295 1138 370 1196 iram
385 1137 517 1198 amicitia
530 1145 668 1198 mutaret
687 1156 766 1215 quos
781 1144 915 1216 populus
929 1144 1039 1204 Roma·
1107 1194 1109 1197 .
1124 1159 1130 1168 ‘

59 1237 116 1280 nus
131 1220 290 1281 fideliores
309 1219 401 1282 babet
420 1222 524 1282 socios
542 1237 633 1296 quarn
649 1239 728 1298 quos
744 1223 849 1284 habuit
863 1225 1039 1300 pertinacis·

58 1306 153 1366 simos
172 1305 302 1368 hostes?
323 1306 406 1378 quod
422 1305 515 1366 hodie
534 1312 618 1364 esset
638 1305 813 1381 imperium,
835 1308 893 1368 uisi
909 1309 1041 1369 salubris

60 1387 253 1464 providentia
278 1387 376 1447 victos
409 1388 641 1464 permiscuisset
668 1391 858 1451 victoribus?
891 1389 1069 1452 lra'scetur5

59 1473 185 1548 aliquis:
210 1478 241 1532 tu
260 1478 364 1531 contra
379 1471 538 1532 beneflciis
557 1489 702 1547 provoca.
726 1475 807 1535 cadit
822 1476 922 1536 statim
939 1476 1041 1535 simul-

60 1563 103 1615 tas
120 1556 158 1616 ab
175 1558 272 1616 altera
289 1561 373 1630 parte
389 1556 521 1616 deserta.
547 1555 606 1616 nisi
623 1557 709 1630 paria
723 1573 784 1618 non
801 1565 946 1634 pugnant.
977 1557 1040 1618 Sed

59 1641 209 1714 utrimque
230 1639 359 1700 certabit
384 1642 445 1713 ira,
474 1641 679 1700 concurriturc
708 1640 759 1702 illc
782 1651 830 1702 cst
858 1642 965 1702 melior
988 1643 1040 1716 qui

60 1723 140 1797 prior
164 1723 275 1797 pedem
298 1721 535 1796 retulit‚·victus
559 1731 614 1784 est·
629 1724 682 1798 qui
706 1725 785 1784 vicit.
817 1725 973 1786 Percussit
995 1732 1040 1783 te:

59 1807 179 1866 recede.
208 1806 380 1866 referiendo
404 1807 484 1866 enim
505 1811 535 1866 et
556 1806 750 1867 occasionem
772 1811 898 1883 saepius
915 1807 1042 1868 feriendi

60 1889 146 1950 dabis
163 1897 194 1949 et
210 1887 449 1949 excusationem.
473 1906 532 1950 non
550 1890 665 1964 poteris
681 1891 801 1964 revelli,
819 1907 887 1950 cum
903 1893 999 1951 voles.

118 1973 240 2033 XXXV.
263 1973 416 2047 Numquid
433 1973 506 2034 velit
522 1974 686 2048 quisquam
702 1980 761 2033 tarn
776 1975 908 2048 graviter
922 1974 1041 2034 bostem
1054 1987 1066 2038 1

60 2057 165 2130 ferire,
180 2065 215 2117 ut
228 2055 380 2131 relinquat
393 2073 516 2117 manum
534 2057 563 2115 in
581 2059 704 2116 volnere
720 2065 750 2117 et
766 2074 801 2118 se
817 2057 855 2116 ab
874 2059 936 2118 ictu
952 2074 1039 2118 revo-

61 2156 128 2200 care
149 2157 213 2200 non
234 2140 355 2214 possit?
374 2141 459 2214 atqui
480 2141 541 2200 tulo
555 2141 599 2200 ira
614 2142 705 2200 telum
720 2149 782 2200 cst:
806 2141 857 2200 vix
870 2141 1040 2212 retrahitur.
1097 2146 1100 2152 '

60 2225 151 2283 Arma
170 2222 260 2283 nobis
283 2223 428 2297 expedita
445 2223 668 2298 prospicimus,
690 2224 824 2298 gladium
848 2226 1041 2286 commodum

61 2315 89 2365 ct
103 2307 253 2366 habilem=
271 2323 332 2366 non
350 2306 511 2367 vitabimus
526 2308 647 2381 inpetus
662 2308 754 2367 animi
771 2309 829 2368 hos
844 2324 971 2382 graves,
996 2311 1040 2368 fu-

62 2391 165 2452 nebres
179 2398 209 2451 et
222 2389 467 2450 inrevocabiles?
485 2391 661 2450 Eudemum
675 2391 820 2452 velocitas
837 2394 945 2466 placet,
963 2397 1069 2467 quae2

63 2473 109 2532 ubi
123 2473 212 2534 iussa
226 2479 288 2544 est,
307 2473 468 2548 vestigium
484 2473 563 2534 sistit
577 2491 634 2532 nec
649 2477 727 2534 ultra
747 2475 898 2535 destinata
916 2490 1041 2550 procur-

61 2555 97 2616 rit
110 2557 256 2631 flectique
271 2565 302 2617 et
317 2573 336 2615 a
352 2572 444 2618 cursu
459 2559 499 2617 ad
518 2557 645 2633 gradum
667 2558 772 2617 reduci
790 2565 899 2632 potest.
930 2573 1042 2631 aegros

62 2640 173 2700 scimus
184 2655 299 2701 nervos
314 2657 394 2713 esse,
411 2640 462 2700 ubi
474 2641 575 2700 invitis
588 2641 676 2701 nobis
690 2649 857 2701 moventur.
879 2656 978 2700 senex
992 2647 1043 2700 aut

61 2722 168 2784 infirmi
185 2726 326 2800 corporis
344 2731 400 2799 est
417 2724 469 2799 qui
484 2740 553 2786 cunr
566 2724 722 2784 ambulare
735 2727 810 2797 vult3
824 2724 931 2784 currit:
951 2724 1042 2783 animi

63 2817 161 2868 motus
173 2825 228 2870 eos
240 2816 383 2884 putemus
395 2807 861 2884 sanissimosvalidissimosque,
872 2807 922 2882 qui
937 2815 1041 2868 nostro

64 2893 185 2952 arbitrio
202 2893 301 2966 ibunt,
324 2909 385 2952 non
400 2908 458 2953 suo
475 2892 617 2952 ferentur.
645 2891 722 2950 Nihil
739 2899 839 2952 tamen
858 2907 956 2966 aeque
974 2901 1072 2966 pro-3

67 2975 153 3036 fuerit
168 2992 259 3052 quam
274 2976 404 3051 primurn
417 2975 526 3036 intueri
535 2975 756 3035 deformitatem
769 2976 822 3044 rei,
841 2975 952 3048 deinde
963 2976 1043 3048 peri·

66 3061 173 3119 culum.
202 3059 270 3119 Non
286 3067 334 3119 cst
350 3059 440 3120 ullius
458 3059 598 3119 adfectus
613 3056 708 3118 facies
724 3057 880 3119 turbatior.
902 3057 1041 3132 pulcher-

63 3141 135 3202 rirna
147 3142 360 3214 ora'foedavit,
378 3150 484 3204 torvos
499 3143 601 3202 voltus
613 3157 654 3202 ex
664 3141 922 3218 tranquillissimis
934 3141 1043 3201 reddit.

390 3229 498 3301 linquit
511 3226 601 3287 dacor
615 3227 709 3286 omnm
913 3272 916 3278 .

62 3306 167 3368 iratos:
190 3316 221 3369 ct
235 3307 302 3368 sive
317 3309 445 3370 amictus
464 3310 522 3384 illis
540 3308 719 3382 conpositus
738 3314 786 3368 est
799 3265 857 3367 ao’
853 3309 966 3382 legem,
982 3314 1042 3366 tra·

62 3389 129 3450 irent
145 3399 263 3452 vestem
279 3408 462 3468 omnemque
478 3398 582 3453 curam
604 3391 653 3451 sui
668 3391 834 3452 effundent.
866 3391 932 3450 sive
948 3389 1041 3462 capil-

62 3472 155 3534 lorum
169 3483 280 3536 natura
292 3478 339 3536 vel
351 3483 413 3536 arte
425 3475 585 3535 iacentium
597 3473 658 3534 non
674 3475 811 3534 informis
825 3473 954 3543 habitus,
972 3484 1042 3528 curn
