2528 3906
274 242 376 303 utne.
397 243 436 300 v.
470 229 533 302 'nu
553 243 621 303 tun
639 243 712 304 nin.
732 243 782 302 ιιι.
804 252 923 306 ιι-ιι.
1041 245 1083 310 93

107 395 244 470 iugulum
259 401 352 466 tuum,
374 399 476 468 guttur
490 400 584 467 tuum,
600 409 654 454 cor
669 402 773 454 tuurnt
793 395 906 472 effugia
928 400 1082 460 servitutis

107 486 188 538 sunt.
217 477 307 537 nimis
323 475 375 536 tibi
391 492 543 552 operosos
565 477 664 538 exitus
679 486 816 540 monstro
831 487 861 540 et
875 481 999 542 multum
1019 483 1082 542 ani-

106 562 145 621 mi
162 577 199 621 ao
214 561 337 621 roboris
349 559 532 635 exigentes?
559 561 682 636 quaeris
698 563 782 637 quod
805 563 844 623 sit
857 563 897 623 ad
916 563 1082 626 libertatem

109 645 188 705 iter?
208 642 362 720 quaelibet
377 645 406 702 in
423 659 553 719 corpore
568 649 620 704 tuo
635 660 724 705 vena.

169 727 251 787 xvt.
274 727 424 802 Quamdiu
436 728 558 802 quidem
573 727 645 786 nihil
660 735 720 788 tam
735 729 924 790 intolerabile
934 731 1024 791 nobis
1042 733 1082 792 vi·
1100 751 1113 803 l

108 814 207 883 detur,
228 819 262 872 ut
277 827 334 872 nos
349 811 482 888 expellat
495 827 513 871 e
528 810 598 882 vite,
614 811 699 886 iram,
714 811 744 871 in
760 828 955 888 quocumque
970 815 1082 876 erimus

107 904 199 968 statu,
220 910 449 956 removeamus:
478 893 653 969 perniciosa
673 903 722 956 est
741 895 954 958 servientibus.
984 898 1082 966 omnis
1178 960 1181 966 ,

108 982 189 1040 enirn
210 977 375 1053 indignatio
399 977 430 1037 in
451 984 632 1038 tormentum
654 991 744 1040 suum
766 978 887 1055 prolicit
907 987 938 1041 et
956 981 1084 1058 imperia

107 1063 250 1138 graviora
262 1061 352 1122 sentit
366 1077 428 1136 quo
440 1063 650 1122 contumacius
665 1063 784 1138 patitur.
808 1061 860 1123 Sic
874 1063 1004 1140 laqueos
1020 1067 1084 1125 tera

107 1148 179 1207 dum
195 1147 296 1218 iactat,
318 1145 486 1220 adstringit.
510 1145 555 1204 sic
570 1160 644 1205 aves
659 1146 787 1218 viseum,
808 1147 879 1206 dum
894 1148 1082 1223 trepidantes

108 1229 278 1301 excutiunt,
301 1228 410 1303 plumis
432 1229 573 1289 omnibus
595 1229 732 1290 inlinunt
765 1229 884 1289 Nullum
905 1238 966 1292 tarn
985 1239 1083 1291 artum

109 1323 156 1375 est
170 1313 275 1388 iugum
292 1313 376 1388 quod
391 1329 451 1373 non
464 1313 563 1374 minus
583 1313 685 1373 laedat
701 1313 863 1373 ducentem
885 1331 977 1389 quam
991 1329 1081 1390 repu-

110 1403 262 1474 gnantem.
282 1412 375 1456 unum
389 1403 437 1456 est
450 1399 654 1457 levamentum
668 1397 817 1458 malorum
830 1397 1004 1471 ingentium,
1021 1397 1082 1472 pati
1110 1399 1112 1406 '

110 1491 138 1542 et
157 1479 394 1540 necessitatibus
415 1480 480 1540 suis
502 1480 643 1555 obsequi.
686 1478 749 1540 Sed
769 1495 836 1540 curn
857 1480 938 1540 utilis
960 1481 1000 1542 sit
1018 1497 1114 1555 ser-2

109 1565 261 1625 viantibus
276 1563 448 1625 adfectuum
463 1579 589 1626 suorum
603 1571 633 1623 et
645 1563 736 1624 huius
748 1563 912 1639 praecipue
925 1563 1023 1624 rabidi
1039 1574 1082 1626 al·

111 1665 170 1725 que
185 1647 293 1708 effreni
310 1646 503 1720 continentia,
518 1647 618 1708 utilior
633 1655 681 1708 est
694 1647 833 1722 regibus:
850 1649 1004 1722 perierunt
1018 1663 1081 1710 om·

109 1734 168 1806 nia,
191 1731 245 1791 ubi
265 1738 411 1806 quantum
431 1731 477 1790 ira
500 1730 628 1806 suadem*
647 1733 768 1792 fortuna
787 1731 938 1806 permittit,
959 1748 1017 1793 nec
1031 1733 1082 1792 diu

109 1823 212 1892 potest
226 1830 307 1891 quae
320 1815 483 1876 multorum
494 1816 574 1874 malo
589 1821 749 1875 exercetur
762 1815 898 1889 potentia
913 1823 1003 1876 stare.
1029 1832 1082 1892 pe·

110 1899 255 1960 riclitatur
269 1899 358 1973 enim,
372 1897 425 1959 ubi
443 1914 498 1958 eos
512 1898 564 1974 qui
581 1898 745 1974 separatim
759 1905 891 1972 gemunt
914 1899 1082 1960 communis

109 1991 209 2044 metus
231 1982 339 2044 iunxit.
374 1983 543 2058 plerosque
560 1982 663 2056 itaque
684 1981 777 2041 modo
800 1981 1082 2056 singullmactave-

109 2074 186 2141 runt,
205 2067 297 2127 modo
309 2067 455 2139 universi,
477 2081 546 2125 eum
560 2067 629 2126 illos
644 2066 785 2126 conterre
800 2065 830 2124 in
844 2081 938 2126 uuum
951 2066 1012 2126 iras
1028 2083 1081 2142 pn-

111 2151 207 2212 blieus
225 2150 314 2210 dolor
328 2149 492 2224 coegisset.
517 2149 611 2226 Atqui
626 2148 764 2225 plerique
781 2149 825 2208 sio
840 2148 914 2208 iram
934 2150 1022 2228 quasi
1038 2151 1075 2209 in
1097 2159 1114 2214 a

111 2236 196 2308 signe
211 2234 328 2308 regium
343 2239 555 2306 exercuerunt,
576 2233 655 2293 sicut
667 2233 794 2302 Dareus
812 2230 865 2307 qui
881 2230 997 2307 primus
1013 2240 1085 2307 post

110 2317 243 2378 ablatum
255 2331 344 2390 mago
359 2317 519 2392 imperium
529 2315 641 2376 Persas
656 2322 687 2375 et
700 2331 840 2390 magnum
848 2319 971 2390 partem
984 2317 1083 2378 orien-

109 2402 147 2461 tis
163 2400 301 2462 obtinuit.
331 2415 401 2459 nam
413 2415 482 2460 cnm
496 2399 608 2459 bellurn
619 2399 743 2476 Scythis
759 2397 922 2460 indixisset
938 2398 1084 2460 orientem

112 2484 311 2558 cingentibus,
327 2491 453 2558 rogatus
468 2483 506 2542 ab
519 2481 662 2543 Oeobazo
678 2481 771 2542 nobiti
788 2497 872 2554 sene,
889 2490 920 2542 ut
934 2497 973 2541 ex
987 2482 1083 2542 tribus

111 2567 213 2627 liberis
228 2582 322 2627 unum
337 2567 367 2625 in
386 2565 528 2627 solatium
543 2567 620 2641 patri
635 2564 829 2640 relinqueret,
844 2565 973 2626 duorum
990 2581 1085 2640 opera

112 2657 254 2720 uteretur,
277 2649 347 2725 plus
363 2665 454 2724 quam
468 2649 633 2724 rogabatur
647 2648 798 2724 pollicitus
815 2648 913 2708 omnis
929 2663 964 2708 se
984 2649 1025 2708 illi
1040 2649 1084 2708 di-

111 2734 154 2794 xit
167 2731 370 2794 remissurum
391 2739 421 2793 et
434 2732 557 2794 occisos
576 2733 606 2792 in
627 2738 797 2808 conspectu
814 2733 949 2807 parentis
965 2731 1084 2806 abiecit,

111 2817 244 2878 crudelis
258 2817 387 2891 iuturus,
405 2817 432 2877 si
447 2815 545 2876 omnis
560 2817 749 2878 abduxisset.
783 2817 825 2877 At
839 2823 952 2891 quanto
967 2815 1086 2878 Xerxes
1100 2827 1118 2882 4

111 2901 251 2961 faciliori
285 2899 337 2976 qui
352 2900 462 2979 Pythio
484 2899 620 2977 quinque
639 2901 770 2961 filiorum
784 2899 864 2976 patri
883 2900 974 2961 unlus
995 2916 1084 2960 vaca·

111 2986 224 3045 tionem
232 2986 355 3059 petenti,
372 2999 462 3059 quern
475 2984 565 3045 vellet
579 2984 844 3059 eligerepermisit.
869 2983 987 3046 Deinde
995 3000 1086 3058 quem

111 3070 252 3141 elegerat,
269 3067 300 3128 in
314 3075 417 3142 partes
431 3069 508 3128 duas
522 3068 700 3128 distractum
711 3068 750 3128 ab
763 3075 895 3144 utroque
906 3067 976 3127 viae
991 3069 1085 3128 latere

111 3152 214 3226 posuit
235 3158 266 3211 et
280 3151 338 3211 hac
353 3151 475 3211 victima
491 3151 631 3212 lustravit
650 3152 825 3211 exercitum.
857 3150 969 3211 Habuit
983 3151 1085 3227 itaque

111 3250 203 3309 quem
224 3234 330 3294 debuit
354 3234 483 3297 exitum:
518 3235 618 3294 vietus
640 3242 669 3294 et
687 3237 747 3294 late
766 3237 919 3310 longeque
939 3236 1028 3295 lusus
1049 3250 1085 3292 ae

111 3325 235 3378 stratam
250 3318 364 3394 ubique
385 3319 504 3379 ruinam
518 3333 606 3378 suam
628 3321 756 3378 cernens
770 3319 889 3378 medius
910 3317 989 3377 inter
1013 3333 1084 3378 suo·

110 3417 175 3462 rum
192 3401 346 3463 cadavera
360 3402 495 3462 incessit.
1064 3463 1066 3469 Α

171 3485 265 3544 XVII.
287 3485 371 3545 Haec
385 3484 525 3545 barbaris
541 3485 665 3560 regibus
685 3483 789 3544 teritos
802 3485 831 3542 in
848 3483 892 3542 ira
906 3482 976 3540 luit:
1003 3497 1084 3552 quos
1102 3493 1113 3540 ι
