2522 3906
259 281 362 340 DlAL.
383 282 435 340 lV.
469 281 521 340 DE
543 282 612 342 IRA
632 281 704 342 LlB.
727 283 762 342 ΙΙ.
785 291 916 345 21κῖ5.
1036 284 1078 348 69

97 432 207 492 medici
234 441 371 504 caveret,
392 438 548 506 acceptam
564 430 720 506 potionem
736 450 796 494 non
813 435 975 496 deterritus
993 436 1076 496 bibit.

98 515 168 577 Plus
185 515 243 575 sibi
258 516 297 575 de
312 515 409 575 amico
425 531 482 576 suo
498 517 635 582 credidit.
668 517 779 592 dignus
796 519 851 579 luit
866 520 917 594 qui
933 521 1105 587 innocen-3

99 609 157 660 tem
172 599 313 672 haberet,
339 600 450 674 dignus
467 601 519 674 qui
535 601 658 660 laceret.
702 601 769 662 Hoc
792 618 829 664 co
845 604 943 679 magis
961 605 990 663 in
1005 605 1077 663 Ale-

97 684 215 743 xandro
232 682 336 755 laudo,
362 683 433 758 quia
454 699 543 743 nemo
563 690 624 743 tam
645 685 798 746 obnoxius
819 687 883 746 irae
907 689 970 748 luit.
1016 681 1077 763 quo

98 768 195 828 maior
218 773 320 828 autem
343 767 511 827 moderatio
530 761 560 826 iri
586 768 719 844 regibus,
735 770 795 831 hoc
809 771 964 830 laudanda
982 771 1079 846 magis

99 859 154 912 est.
186 850 271 910 Fecit
291 851 396 910 hoc‘ct
408 851 430 908 l.
446 851 559 911 Cacsar
579 851 628 910 ille
645 853 696 927 qui
712 854 839 914 victoria
857 854 937 914 civili
949 841 1130 915 clemen-t‘

99 935 216 996 tissime
235 950 311 994 usus
336 941 392 995 est.
426 951 494 994 cum
520 933 631 995 scrinia
655 937 912 1012 deprehendisset
934 939 1077 1014 epistula-

97 1037 164 1080 rum
180 1019 219 1078 ad
236 1018 287 1077 Cn.
302 1018 479 1093 Pompeium
496 1019 657 1078 missarum
668 1022 707 1081 ab
720 1022 757 1081 iis
771 1022 823 1097 qui
836 1021 1019 1084 videbantur
1028 1031 1080 1083 aut

97 1105 127 1162 in
140 1103 272 1162 diversis
285 1103 377 1162 autin
390 1103 505 1162 neutris
518 1103 614 1162 luisse
625 1106 771 1178 partibus,
785 1107 952 1167 conbussit.
969 1107 1078 1180 Quam·

97 1189 146 1248 vis
161 1187 318 1246 moderate
333 1187 446 1248 soleret
460 1185 561 1260 irasci,
576 1189 681 1248 maluit
694 1197 793 1248 tamen
810 1207 871 1252 non
884 1207 988 1266 posse.
1010 1207 1078 1265 gra-

97 1272 249 1332 tissimum
265 1271 381 1346 putavit
394 1287 491 1345 genus
505 1271 615 1330 veniae
629 1273 757 1348 nescire,
774 1274 848 1348 quid
864 1275 995 1350 quisque
1009 1290 1079 1348 pec-

98 1363 210 1416 cesset.

159 1439 267 1498 XXIV.
299 1439 463 1498 Plurimum
485 1439 554 1497 mall
570 1438 734 1500 credulitas
750 1441 830 1500 lacit.
863 1457 959 1516 saepe
974 1457 1012 1500 ne
1028 1453 1107 1506 atu-1

98 1523 245 1584 diendum
261 1522 383 1598 quidem
398 1531 455 1596 est,
471 1521 615 1597 quoniam
633 1521 663 1582 ln
677 1523 860 1599 quibusdam
874 1526 967 1586 rebus
983 1526 1079 1586 satius

97 1615 146 1668 est
163 1607 265 1680 decipi
281 1623 372 1682 quam
388 1607 537 1666 diffidere.
568 1607 704 1667 tollenda
719 1623 757 1666 ex
780 1609 880 1669 animo
897 1608 1034 1684 suspicio
1050 1617 1080 1670 et

97 1692 283 1764 coniectura,
298 1691 493 1751 fallacissima
508 1690 709 1753 inritamenta:
724 1693 851 1764 „illeme
860 1693 1077 1768 parumhuma

96 1792 136 1835 ne
150 1775 303 1835 salutavit.
343 1774 393 1833 ille
409 1776 515 1835 osculo
532 1790 601 1834 meo
618 1793 679 1835 non
695 1775 842 1836 adhaesit.
890 1778 940 1836 ille
955 1777 1080 1836 inchoa-

95 1869 159 1920 tum
177 1856 350 1919 sermonem
367 1857 427 1920 cito
443 1858 572 1932 abrupit.
604 1859 654 1918 ille
671 1859 710 1918 ad
728 1875 855 1919 coenam
872 1877 931 1920 non
947 1861 1079 1920 vocavit.

96 1945 179 2002 illius
196 1944 296 2003 voltus
311 1945 450 2004 aversior
465 1943 551 2003 visus
563 1945 641 2003 est.“
662 1943 727 2003 Non
738 1943 834 2002 deerit
850 1944 1019 2018 suspicioni
1033 1960 1109 2013 ara

96 2027 300 2102 gumentatio:
316 2027 508 2102 simplicitate
523 2043 602 2102 opus
618 2034 665 2087 est
679 2034 710 2086 et
728 2027 861 2102 benigna
873 2044 973 2087 rerum
990 2028 1079 2087 aesti-

96 2112 242 2171 matione,
276 2111 348 2170 nihil
363 2109 422 2170 nisi
438 2111 521 2187 quod
535 2111 565 2170 in
588 2111 696 2172 oculos
718 2111 849 2171 incurret
873 2111 1078 2170 manifestum-

98 2212 160 2270 que
190 2196 247 2254 erit
275 2195 435 2256 credamus
464 2201 494 2254 et
523 2195 665 2270 quotiens
695 2193 833 2269 suspicio
864 2203 969 2256 nostra
999 2211 1080 2255 vana

11 2331 12 2336 ,
97 2278 286 2354 adparuerit‚
305 2279 500 2353 obiurgemus
516 2278 733 2340 credulitatem.
760 2279 838 2339 haec
853 2281 931 2339 enim
949 2277 1078 2354 castiga·

96 2361 139 2422 tio
156 2363 412 2423 consuetudinem
427 2363 539 2422 efficiet
560 2380 619 2423 non
635 2364 724 2422 facilc
740 2363 895 2424 credendi.

162 2448 255 2506 XXV.
286 2447 360 2506 lnde
383 2453 414 2507 et
433 2447 506 2507 illud
528 2447 680 2522 sequitur,
706 2455 739 2508 ut
752 2446 885 2508 minimis
903 2445 1107 2508 sordidissi-1

99 2529 223 2605 misque
244 2532 336 2590 rebus
357 2548 419 2592 non
437 2531 664 2592 exacerbamur.
695 2529 805 2600 Parum
826 2533 914 2605 agilis
937 2537 985 2590 est
1005 2546 1081 2608 puer

97 2622 149 2674 aut
163 2615 295 2690 tepidior
307 2631 387 2688 aqua
403 2622 513 2690 poturo
529 2622 580 2676 aut
593 2615 731 2674 turbatus
742 2623 827 2676 torus
843 2622 894 2674 aut
908 2628 1014 2672 mensa
1028 2629 1079 2672 ne-

97 2699 270 2773 glegentius
285 2699 402 2773 posita:
425 2700 465 2759 ad
483 2700 541 2760 ista
562 2698 708 2759 concitari
722 2697 841 2758 insania
856 2706 912 2758 est.
945 2711 1037 2769 aeger
1051 2704 1082 2756 ει

96 2782 229 2844 infelicis
243 2783 418 2844 valitudinis
434 2789 481 2843 cst
495 2799 586 2859 quem
600 2783 677 2843 levis
692 2798 765 2842 aura
783 2781 947 2855 contraxit,
968 2779 1080 2840 adlecti

97 2867 179 2926 oculi
199 2883 279 2942 quos
295 2867 426 2926 candida
436 2867 532 2927 vestis
544 2867 695 2939 obturbat,
711 2867 878 2927 dissolutus
894 2863 1011 2925 deliciis
1028 2881 1079 2925 cu-

97 2951 145 3010 ius
162 2953 242 3011 latus
254 2951 353 3012 alieno
366 2951 471 3010 labore
484 2951 648 3012 condoluit.
671 2949 875 3028 Mindyridem
887 2950 970 3010 aiunt
985 2949 1108 3011 luisset

97 3052 136 3095 ex
158 3033 371 3113 Sybaritarum
397 3035 526 3095 civitate.
572 3037 623 3110 qui
644 3051 711 3094 cum
726 3035 856 3094 vidisset
870 3035 1034 3094 fodientem
1052 3038 1082 3092 et

96 3121 188 3180 altius
200 3125 331 3179 rastrum
348 3118 549 3189 adlevantem,
569 3120 684 3178 lassum
704 3134 739 3177 se
758 3118 824 3178 lieri
843 3124 971 3192 questus
988 3115 1082 3176 vetuit

96 3204 180 3263 illum
200 3220 280 3278 opus
298 3203 328 3262 in
348 3211 517 3278 conspectu
539 3219 596 3262 suo
614 3203 725 3262 lacere.
765 3202 856 3260 bilem
881 3201 994 3260 hahere
1013 3214 1078 3259 sae-

98 3287 167 3360 pius
182 3294 311 3362 questus
327 3294 382 3361 est,
399 3287 480 3361 quod
494 3287 576 3346 loliis
594 3302 686 3346 rosae
700 3283 861 3360 duplicatis
881 3283 1079 3344 incubuisset.

97 3371 155 3432 Ubi
175 3372 309 3430 animum
324 3371 413 3431 simul
431 3379 461 3430 ει
478 3386 592 3444 corpus
612 3371 783 3444 voluptates
802 3383 983 3442 corrupere,
1008 3364 1110 3426 nihila

97 3453 259 3514 tolerabile
276 3453 405 3528 videtur,
417 3470 478 3514 non
496 3455 566 3530 quia
581 3455 666 3525 dura,
685 3453 740 3512 sed
759 3445 947 3527 quiamolhs
959 3449 1079 3522 patitur.

97 3538 174 3614 quid
195 3545 243 3598 est
255 3539 344 3614 enim,
365 3555 419 3600 cur
436 3538 532 3600 tussis
547 3539 675 3599 alicuius
687 3543 738 3596 aut
750 3539 1016 3596 sternutamentum
1030 3531 1082 3584 aut
