<?xml version="1.0" encoding="UTF-8"?>
<!DOCTYPE html PUBLIC "-//W3C//DTD XHTML 1.0 Transitional//EN"
    "http://www.w3.org/TR/xhtml1/DTD/xhtml1-transitional.dtd">
<html xmlns="http://www.w3.org/1999/xhtml" xml:lang="en" lang="en">
 <head>
  <title>
</title>
<meta http-equiv="Content-Type" content="text/html;charset=utf-8" />
  <meta name='ocr-system' content='tesseract 3.04.00' />
  <meta name='ocr-capabilities' content='ocr_page ocr_carea ocr_par ocr_line ocrx_word'/>
</head>
<body>
  <div class='ocr_page' id='page_1' title='image "./operaquaesupers00senegoog_0121.png"; bbox 0 0 2528 3906; ppageno 0'>
   <div class='ocr_carea' id='block_1_1' title="bbox 191 243 876 312">
    <p class='ocr_par' dir='ltr' id='par_1_1' title="bbox 191 243 876 312">
     <span class='ocr_line' id='line_1_1' title="bbox 191 243 876 312; baseline -0.013 0"><span class='ocrx_word' id='word_1_1' title='bbox 191 249 252 312; x_wconf 78' lang='lat'>108</span> <span class='ocrx_word' id='word_1_2' title='bbox 477 248 510 307; x_wconf 81' lang='lat' dir='ltr'>t.</span> <span class='ocrx_word' id='word_1_3' title='bbox 532 245 679 306; x_wconf 84' lang='lat' dir='ltr'><strong>ANNAEI</strong></span> <span class='ocrx_word' id='word_1_4' title='bbox 702 243 876 305; x_wconf 80' lang='lat' dir='ltr'><strong>SENECAE</strong></span> 
     </span>
    </p>
   </div>
   <div class='ocr_carea' id='block_1_2' title="bbox 102 392 1179 1720">
    <p class='ocr_par' dir='ltr' id='par_1_2' title="bbox 189 392 1177 558">
     <span class='ocr_line' id='line_1_2' title="bbox 189 392 1177 472; baseline -0.005 -10"><span class='ocrx_word' id='word_1_5' title='bbox 189 401 218 463; x_wconf 90' lang='lat' dir='ltr'>si</span> <span class='ocrx_word' id='word_1_6' title='bbox 232 401 389 461; x_wconf 82' lang='lat' dir='ltr'>derideres</span> <span class='ocrx_word' id='word_1_7' title='bbox 405 397 538 458; x_wconf 88' lang='lat' dir='ltr'>carmina</span> <span class='ocrx_word' id='word_1_8' title='bbox 552 396 629 470; x_wconf 86' lang='lat' dir='ltr'>eins,</span> <span class='ocrx_word' id='word_1_9' title='bbox 654 395 794 455; x_wconf 91' lang='lat' dir='ltr'>inimicus</span> <span class='ocrx_word' id='word_1_10' title='bbox 808 401 901 454; x_wconf 88' lang='lat' dir='ltr'>esset.</span> <span class='ocrx_word' id='word_1_11' title='bbox 943 392 989 454; x_wconf 86' lang='lat' dir='ltr'>vis</span> <span class='ocrx_word' id='word_1_12' title='bbox 1009 401 1042 458; x_wconf 92' lang='lat' dir='ltr'>tu</span> <span class='ocrx_word' id='word_1_13' title='bbox 1063 411 1177 472; x_wconf 86' lang='lat' dir='ltr'>aequo</span> 
     </span>
     <span class='ocr_line' id='line_1_3' title="bbox 190 476 753 558; baseline -0.011 -14"><span class='ocrx_word' id='word_1_14' title='bbox 190 485 291 544; x_wconf 89' lang='lat' dir='ltr'>animo</span> <span class='ocrx_word' id='word_1_15' title='bbox 315 482 375 558; x_wconf 90' lang='lat' dir='ltr'>pati</span> <span class='ocrx_word' id='word_1_16' title='bbox 391 480 570 542; x_wconf 89' lang='lat' dir='ltr'>candidatus</span> <span class='ocrx_word' id='word_1_17' title='bbox 586 476 753 554; x_wconf 81' lang='lat' dir='ltr'>sullragio&#39;i¹</span> 
     </span>
    </p>

    <p class='ocr_par' dir='ltr' id='par_1_3' title="bbox 157 560 1176 888">
     <span class='ocr_line' id='line_1_4' title="bbox 157 560 1169 643; baseline -0.009 -14"><span class='ocrx_word' id='word_1_18' title='bbox 157 592 174 643; x_wconf 89' lang='lat'>1</span> <span class='ocrx_word' id='word_1_19' title='bbox 260 565 422 628; x_wconf 84' lang='lat' dir='ltr'>XXXVIII.</span> <span class='ocrx_word' id='word_1_20' title='bbox 451 561 667 624; x_wconf 81' lang='lat' dir='ltr'>contumellam</span> <span class='ocrx_word' id='word_1_21' title='bbox 688 560 742 620; x_wconf 88' lang='lat' dir='ltr'>tibi</span> <span class='ocrx_word' id='word_1_22' title='bbox 762 560 834 620; x_wconf 87' lang='lat' dir='ltr'>lecit</span> <span class='ocrx_word' id='word_1_23' title='bbox 854 560 981 635; x_wconf 84' lang='lat' dir='ltr'>aliquis=</span> <span class='ocrx_word' id='word_1_24' title='bbox 1015 561 1169 636; x_wconf 86' lang='lat' dir='ltr'>numquid</span> 
     </span>
     <span class='ocr_line' id='line_1_5' title="bbox 189 642 1176 724; baseline -0.002 -15"><span class='ocrx_word' id='word_1_25' title='bbox 189 651 335 710; x_wconf 89' lang='lat' dir='ltr'>maiorem</span> <span class='ocrx_word' id='word_1_26' title='bbox 356 663 449 724; x_wconf 88' lang='lat' dir='ltr'>quam</span> <span class='ocrx_word' id='word_1_27' title='bbox 468 646 597 721; x_wconf 80' lang='lat' dir='ltr'>Diogeni</span> <span class='ocrx_word' id='word_1_28' title='bbox 618 643 802 720; x_wconf 86' lang='lat' dir='ltr'>philosopho</span> <span class='ocrx_word' id='word_1_29' title='bbox 820 642 953 706; x_wconf 66' lang='lat' dir='ltr'>Stoico?</span> <span class='ocrx_word' id='word_1_30' title='bbox 987 645 1036 704; x_wconf 91' lang='lat' dir='ltr'>oui</span> <span class='ocrx_word' id='word_1_31' title='bbox 1060 646 1099 704; x_wconf 92' lang='lat' dir='ltr'>de</span> <span class='ocrx_word' id='word_1_32' title='bbox 1120 645 1176 708; x_wconf 80' lang='lat' dir='ltr'>ira-</span> 
     </span>
     <span class='ocr_line' id='line_1_6' title="bbox 191 729 1170 803; baseline -0.005 -10"><span class='ocrx_word' id='word_1_33' title='bbox 191 732 405 798; x_wconf 86' lang='lat' dir='ltr'>cummaxime</span> <span class='ocrx_word' id='word_1_34' title='bbox 420 730 582 790; x_wconf 77' lang='lat' dir='ltr'>disserenti</span> <span class='ocrx_word' id='word_1_35' title='bbox 593 729 776 789; x_wconf 77' lang='lat' dir='ltr'>adulescens</span> <span class='ocrx_word' id='word_1_36' title='bbox 791 733 955 802; x_wconf 84' lang='lat' dir='ltr'>protervus</span> <span class='ocrx_word' id='word_1_37' title='bbox 970 729 1094 803; x_wconf 88' lang='lat' dir='ltr'>inspuit.</span> <span class='ocrx_word' id='word_1_38' title='bbox 1118 734 1170 788; x_wconf 91' lang='lat' dir='ltr'>tu-</span> 
     </span>
     <span class='ocr_line' id='line_1_7' title="bbox 191 810 1169 888; baseline -0.006 -13"><span class='ocrx_word' id='word_1_39' title='bbox 191 816 224 876; x_wconf 94' lang='lat' dir='ltr'>lit</span> <span class='ocrx_word' id='word_1_40' title='bbox 237 816 298 877; x_wconf 91' lang='lat' dir='ltr'>hoc</span> <span class='ocrx_word' id='word_1_41' title='bbox 311 816 362 876; x_wconf 82' lang='lat' dir='ltr'>ille</span> <span class='ocrx_word' id='word_1_42' title='bbox 374 813 485 874; x_wconf 88' lang='lat' dir='ltr'>leniter</span> <span class='ocrx_word' id='word_1_43' title='bbox 498 820 529 873; x_wconf 91' lang='lat' dir='ltr'>et</span> <span class='ocrx_word' id='word_1_44' title='bbox 542 812 706 888; x_wconf 78' lang='lat' dir='ltr'>sapienter.</span> <span class='ocrx_word' id='word_1_45' title='bbox 737 825 820 886; x_wconf 88' lang='lat' dir='ltr'>„non</span> <span class='ocrx_word' id='word_1_46' title='bbox 836 810 968 886; x_wconf 86' lang='lat' dir='ltr'>quidem,</span> <span class='ocrx_word' id='word_1_47' title='bbox 984 811 1090 887; x_wconf 86' lang='lat' dir='ltr'>inquit,</span> <span class='ocrx_word' id='word_1_48' title='bbox 1105 811 1169 870; x_wconf 86' lang='lat' dir='ltr'>ira·</span> 
     </span>
    </p>

    <p class='ocr_par' dir='ltr' id='par_1_4' title="bbox 157 893 1179 1390">
     <span class='ocr_line' id='line_1_8' title="bbox 157 893 1176 973; baseline -0.009 -11"><span class='ocrx_word' id='word_1_49' title='bbox 157 910 272 973; x_wconf 75' lang='lat' dir='ltr'>nseor,</span> <span class='ocrx_word' id='word_1_50' title='bbox 287 899 344 959; x_wconf 89' lang='lat' dir='ltr'>sed</span> <span class='ocrx_word' id='word_1_51' title='bbox 357 897 461 958; x_wconf 83' lang='lat' dir='ltr'>dubito</span> <span class='ocrx_word' id='word_1_52' title='bbox 476 903 586 971; x_wconf 88' lang='lat' dir='ltr'>tamen,</span> <span class='ocrx_word' id='word_1_53' title='bbox 603 909 640 956; x_wconf 84' lang='lat' dir='ltr'>ao</span> <span class='ocrx_word' id='word_1_54' title='bbox 655 895 747 955; x_wconf 89' lang='lat' dir='ltr'>irasci</span> <span class='ocrx_word' id='word_1_55' title='bbox 764 898 933 970; x_wconf 83' lang='lat' dir='ltr'>oporteet“</span> <span class='ocrx_word' id='word_1_56' title='bbox 958 893 1076 968; x_wconf 80' lang='lat' dir='ltr'>Quanto</span> <span class='ocrx_word' id='word_1_57' title='bbox 1091 893 1176 954; x_wconf 86' lang='lat' dir='ltr'>Cato</span> 
     </span>
     <span class='ocr_line' id='line_1_9' title="bbox 189 975 1168 1058; baseline -0.006 -16"><span class='ocrx_word' id='word_1_58' title='bbox 189 989 297 1044; x_wconf 90' lang='lat' dir='ltr'>noster</span> <span class='ocrx_word' id='word_1_59' title='bbox 310 981 441 1041; x_wconf 77' lang='lat' dir='ltr'>meliust</span> <span class='ocrx_word' id='word_1_60' title='bbox 466 981 527 1058; x_wconf 81' lang='lat' dir='ltr'>qui,</span> <span class='ocrx_word' id='word_1_61' title='bbox 549 996 617 1040; x_wconf 91' lang='lat' dir='ltr'>oum</span> <span class='ocrx_word' id='word_1_62' title='bbox 632 978 733 1054; x_wconf 86' lang='lat' dir='ltr'>agenti</span> <span class='ocrx_word' id='word_1_63' title='bbox 753 993 879 1038; x_wconf 86' lang='lat' dir='ltr'>oausam</span> <span class='ocrx_word' id='word_1_64' title='bbox 899 975 930 1036; x_wconf 91' lang='lat' dir='ltr'>in</span> <span class='ocrx_word' id='word_1_65' title='bbox 951 977 1081 1039; x_wconf 89' lang='lat' dir='ltr'>irontem</span> <span class='ocrx_word' id='word_1_66' title='bbox 1101 993 1168 1037; x_wconf 89' lang='lat' dir='ltr'>me-</span> 
     </span>
     <span class='ocr_line' id='line_1_10' title="bbox 190 1059 1179 1140; baseline -0.003 -14"><span class='ocrx_word' id='word_1_67' title='bbox 190 1067 272 1126; x_wconf 91' lang='lat' dir='ltr'>diam</span> <span class='ocrx_word' id='word_1_68' title='bbox 288 1073 433 1140; x_wconf 89' lang='lat' dir='ltr'>quantum</span> <span class='ocrx_word' id='word_1_69' title='bbox 456 1071 575 1139; x_wconf 87' lang='lat' dir='ltr'>poterat</span> <span class='ocrx_word' id='word_1_70' title='bbox 594 1063 732 1124; x_wconf 85' lang='lat' dir='ltr'>adtracta</span> <span class='ocrx_word' id='word_1_71' title='bbox 752 1061 858 1137; x_wconf 87' lang='lat' dir='ltr'>pingui</span> <span class='ocrx_word' id='word_1_72' title='bbox 879 1061 977 1121; x_wconf 84' lang='lat' dir='ltr'>saliva</span> <span class='ocrx_word' id='word_1_73' title='bbox 996 1059 1179 1137; x_wconf 71' lang='lat' dir='ltr'>inspuisset</span> 
     </span>
     <span class='ocr_line' id='line_1_11' title="bbox 189 1142 1169 1222; baseline -0.003 -13"><span class='ocrx_word' id='word_1_74' title='bbox 189 1150 336 1210; x_wconf 84' lang='lat' dir='ltr'>Lentulus</span> <span class='ocrx_word' id='word_1_75' title='bbox 351 1150 410 1222; x_wconf 89' lang='lat' dir='ltr'>ille,</span> <span class='ocrx_word' id='word_1_76' title='bbox 433 1155 552 1222; x_wconf 89' lang='lat' dir='ltr'>patrum</span> <span class='ocrx_word' id='word_1_77' title='bbox 566 1153 741 1208; x_wconf 90' lang='lat' dir='ltr'>nostrorum</span> <span class='ocrx_word' id='word_1_78' title='bbox 755 1142 902 1204; x_wconf 90' lang='lat' dir='ltr'>memoria</span> <span class='ocrx_word' id='word_1_79' title='bbox 913 1144 1060 1206; x_wconf 76' lang='lat' dir='ltr'>factiosus</span> <span class='ocrx_word' id='word_1_80' title='bbox 1075 1153 1107 1205; x_wconf 90' lang='lat' dir='ltr'>et</span> <span class='ocrx_word' id='word_1_81' title='bbox 1120 1147 1169 1206; x_wconf 86' lang='lat' dir='ltr'>in·</span> 
     </span>
     <span class='ocr_line' id='line_1_12' title="bbox 191 1227 1169 1308; baseline -0.004 -15"><span class='ocrx_word' id='word_1_82' title='bbox 191 1241 312 1308; x_wconf 89' lang='lat' dir='ltr'>potens,</span> <span class='ocrx_word' id='word_1_83' title='bbox 328 1232 472 1293; x_wconf 84' lang='lat' dir='ltr'>abstersit</span> <span class='ocrx_word' id='word_1_84' title='bbox 485 1231 593 1292; x_wconf 82' lang='lat' dir='ltr'>faciem</span> <span class='ocrx_word' id='word_1_85' title='bbox 610 1237 656 1292; x_wconf 77' lang='lat' dir='ltr'>et:</span> <span class='ocrx_word' id='word_1_86' title='bbox 687 1228 875 1306; x_wconf 69' lang='lat' dir='ltr'>„affirmabo</span> <span class='ocrx_word' id='word_1_87' title='bbox 890 1227 999 1304; x_wconf 86' lang='lat' dir='ltr'>inquit,</span> <span class='ocrx_word' id='word_1_88' title='bbox 1013 1228 1169 1302; x_wconf 90' lang='lat' dir='ltr'>omnibus,</span> 
     </span>
     <span class='ocr_line' id='line_1_13' title="bbox 191 1311 921 1390; baseline -0.008 -14"><span class='ocrx_word' id='word_1_89' title='bbox 191 1317 326 1390; x_wconf 89' lang='lat' dir='ltr'>Lentule,</span> <span class='ocrx_word' id='word_1_90' title='bbox 343 1317 404 1376; x_wconf 87' lang='lat' dir='ltr'>lalli</span> <span class='ocrx_word' id='word_1_91' title='bbox 419 1331 474 1376; x_wconf 91' lang='lat' dir='ltr'>eos</span> <span class='ocrx_word' id='word_1_92' title='bbox 490 1315 542 1390; x_wconf 88' lang='lat' dir='ltr'>qui</span> <span class='ocrx_word' id='word_1_93' title='bbox 557 1321 587 1374; x_wconf 90' lang='lat' dir='ltr'>te</span> <span class='ocrx_word' id='word_1_94' title='bbox 601 1319 715 1388; x_wconf 89' lang='lat' dir='ltr'>negant</span> <span class='ocrx_word' id='word_1_95' title='bbox 728 1328 765 1374; x_wconf 90' lang='lat' dir='ltr'>os</span> <span class='ocrx_word' id='word_1_96' title='bbox 778 1311 921 1371; x_wconf 83' lang='lat' dir='ltr'>habero.“</span> 
     </span>
    </p>

    <p class='ocr_par' dir='ltr' id='par_1_5' title="bbox 160 1395 1176 1474">
     <span class='ocr_line' id='line_1_14' title="bbox 160 1395 1176 1474; baseline -0.006 -13"><span class='ocrx_word' id='word_1_97' title='bbox 160 1415 174 1468; x_wconf 88' lang='lat'>1</span> <span class='ocrx_word' id='word_1_98' title='bbox 253 1400 385 1460; x_wconf 84' lang='lat' dir='ltr'>xxxllt.</span> <span class='ocrx_word' id='word_1_99' title='bbox 408 1398 539 1474; x_wconf 83' lang='lat' dir='ltr'>Contigit</span> <span class='ocrx_word' id='word_1_100' title='bbox 553 1399 612 1458; x_wconf 88' lang='lat' dir='ltr'>iam</span> <span class='ocrx_word' id='word_1_101' title='bbox 627 1397 727 1470; x_wconf 90' lang='lat' dir='ltr'>nobis,</span> <span class='ocrx_word' id='word_1_102' title='bbox 740 1396 866 1466; x_wconf 84' lang='lat' dir='ltr'>Novate,</span> <span class='ocrx_word' id='word_1_103' title='bbox 888 1395 967 1455; x_wconf 90' lang='lat' dir='ltr'>bene</span> <span class='ocrx_word' id='word_1_104' title='bbox 988 1409 1176 1470; x_wconf 84' lang='lat' dir='ltr'>conponere</span> 
     </span>
    </p>

    <p class='ocr_par' dir='ltr' id='par_1_6' title="bbox 102 1478 1169 1566">
     <span class='ocr_line' id='line_1_15' title="bbox 102 1478 1169 1566; baseline -0.006 -22"><span class='ocrx_word' id='word_1_105' title='bbox 102 1503 107 1510; x_wconf 85' lang='lat'>·</span> <span class='ocrx_word' id='word_1_106' title='bbox 192 1485 334 1566; x_wconf 79' lang='lat' dir='ltr'>animum.</span> <span class='ocrx_word' id='word_1_107' title='bbox 362 1490 414 1544; x_wconf 86' lang='lat' dir='ltr'>aut</span> <span class='ocrx_word' id='word_1_108' title='bbox 433 1498 494 1541; x_wconf 89' lang='lat' dir='ltr'>non</span> <span class='ocrx_word' id='word_1_109' title='bbox 510 1483 602 1542; x_wconf 85' lang='lat' dir='ltr'>sentit</span> <span class='ocrx_word' id='word_1_110' title='bbox 621 1479 809 1541; x_wconf 79' lang='lat' dir='ltr'>iracundiam</span> <span class='ocrx_word' id='word_1_111' title='bbox 823 1485 875 1540; x_wconf 89' lang='lat' dir='ltr'>aut</span> <span class='ocrx_word' id='word_1_112' title='bbox 888 1478 1030 1557; x_wconf 88' lang='lat' dir='ltr'>superior</span> <span class='ocrx_word' id='word_1_113' title='bbox 1044 1485 1107 1541; x_wconf 84' lang='lat' dir='ltr'>est=</span> <span class='ocrx_word' id='word_1_114' title='bbox 1122 1479 1169 1538; x_wconf 90' lang='lat' dir='ltr'>vi-</span> 
     </span>
    </p>

    <p class='ocr_par' dir='ltr' id='par_1_7' title="bbox 193 1563 1174 1641">
     <span class='ocr_line' id='line_1_16' title="bbox 193 1563 1174 1641; baseline -0.002 -15"><span class='ocrx_word' id='word_1_115' title='bbox 193 1568 319 1626; x_wconf 88' lang='lat' dir='ltr'>deamus</span> <span class='ocrx_word' id='word_1_116' title='bbox 341 1565 536 1641; x_wconf 91' lang='lat' dir='ltr'>quomodo</span> <span class='ocrx_word' id='word_1_117' title='bbox 566 1564 731 1624; x_wconf 90' lang='lat' dir='ltr'>alienam</span> <span class='ocrx_word' id='word_1_118' title='bbox 759 1563 852 1624; x_wconf 92' lang='lat' dir='ltr'>iram</span> <span class='ocrx_word' id='word_1_119' title='bbox 872 1563 1078 1624; x_wconf 80' lang='lat' dir='ltr'>leniamus:</span> <span class='ocrx_word' id='word_1_120' title='bbox 1109 1578 1174 1624; x_wconf 87' lang='lat' dir='ltr'>neo</span> 
     </span>
    </p>

    <p class='ocr_par' dir='ltr' id='par_1_8' title="bbox 192 1646 919 1720">
     <span class='ocr_line' id='line_1_17' title="bbox 192 1646 919 1720; baseline -0.006 -11"><span class='ocrx_word' id='word_1_121' title='bbox 192 1651 272 1709; x_wconf 91' lang='lat' dir='ltr'>enim</span> <span class='ocrx_word' id='word_1_122' title='bbox 280 1650 347 1709; x_wconf 91' lang='lat' dir='ltr'>sani</span> <span class='ocrx_word' id='word_1_123' title='bbox 359 1664 431 1708; x_wconf 90' lang='lat' dir='ltr'>esse</span> <span class='ocrx_word' id='word_1_124' title='bbox 438 1654 552 1708; x_wconf 89' lang='lat' dir='ltr'>tantum</span> <span class='ocrx_word' id='word_1_125' title='bbox 564 1649 716 1720; x_wconf 91' lang='lat' dir='ltr'>volumus,</span> <span class='ocrx_word' id='word_1_126' title='bbox 730 1646 787 1706; x_wconf 90' lang='lat' dir='ltr'>sed</span> <span class='ocrx_word' id='word_1_127' title='bbox 798 1662 919 1706; x_wconf 87' lang='lat' dir='ltr'>sanare.</span> 
     </span>
    </p>
   </div>
   <div class='ocr_carea' id='block_1_3' title="bbox 159 1705 1252 1794">
    <p class='ocr_par' dir='ltr' id='par_1_9' title="bbox 159 1705 1252 1794">
     <span class='ocr_line' id='line_1_18' title="bbox 159 1705 1252 1794; baseline -0.004 0"><span class='ocrx_word' id='word_1_128' title='bbox 159 1743 177 1794; x_wconf 72' lang='grc' dir='ltr'><strong>ι</strong></span> <span class='ocrx_word' id='word_1_129' title='bbox 250 1732 380 1791; x_wconf 89' lang='lat' dir='ltr'>Primam</span> <span class='ocrx_word' id='word_1_130' title='bbox 396 1731 471 1791; x_wconf 91' lang='lat' dir='ltr'>iram</span> <span class='ocrx_word' id='word_1_131' title='bbox 483 1747 544 1791; x_wconf 94' lang='lat' dir='ltr'>non</span> <span class='ocrx_word' id='word_1_132' title='bbox 558 1731 738 1791; x_wconf 86' lang='lat' dir='ltr'>audebimus</span> <span class='ocrx_word' id='word_1_133' title='bbox 752 1729 888 1790; x_wconf 90' lang='lat' dir='ltr'>oratione</span> <span class='ocrx_word' id='word_1_134' title='bbox 903 1732 1051 1792; x_wconf 63' lang='lat' dir='ltr'>mulceret</span> <span class='ocrx_word' id='word_1_135' title='bbox 1072 1730 1171 1790; x_wconf 88' lang='lat' dir='ltr'>surda</span> <span class='ocrx_word' id='word_1_136' title='bbox 1251 1705 1252 1770; x_wconf 46' lang='grc' dir='ltr'><em>ἕ</em></span> 
     </span>
    </p>
   </div>
   <div class='ocr_carea' id='block_1_4' title="bbox 159 1813 1175 2141">
    <p class='ocr_par' dir='ltr' id='par_1_10' title="bbox 159 1813 1175 2141">
     <span class='ocr_line' id='line_1_19' title="bbox 193 1813 1175 1890; baseline 0 -16"><span class='ocrx_word' id='word_1_137' title='bbox 193 1823 397 1876; x_wconf 88' lang='lat' dir='ltr'>estetamens.</span> <span class='ocrx_word' id='word_1_138' title='bbox 409 1814 595 1875; x_wconf 91' lang='lat' dir='ltr'>dabimusilli</span> <span class='ocrx_word' id='word_1_139' title='bbox 604 1814 744 1890; x_wconf 88' lang='lat' dir='ltr'>spatium.</span> <span class='ocrx_word' id='word_1_140' title='bbox 754 1813 891 1874; x_wconf 88' lang='lat' dir='ltr'>remedia</span> <span class='ocrx_word' id='word_1_141' title='bbox 897 1813 926 1873; x_wconf 95' lang='lat' dir='ltr'>in</span> <span class='ocrx_word' id='word_1_142' title='bbox 933 1813 1175 1874; x_wconf 79' lang='lat' dir='ltr'>remissionibus.</span> 
     </span>
     <span class='ocr_line' id='line_1_20' title="bbox 193 1896 1173 1974; baseline -0.004 -14"><span class='ocrx_word' id='word_1_143' title='bbox 193 1906 333 1974; x_wconf 88' lang='lat' dir='ltr'>prosunt.</span> <span class='ocrx_word' id='word_1_144' title='bbox 361 1915 419 1958; x_wconf 91' lang='lat' dir='ltr'>nec</span> <span class='ocrx_word' id='word_1_145' title='bbox 432 1899 540 1959; x_wconf 90' lang='lat' dir='ltr'>oculos</span> <span class='ocrx_word' id='word_1_146' title='bbox 552 1896 696 1960; x_wconf 89' lang='lat' dir='ltr'>tumentis</span> <span class='ocrx_word' id='word_1_147' title='bbox 710 1896 933 1972; x_wconf 84' lang='lat' dir='ltr'>temptabimus,</span> <span class='ocrx_word' id='word_1_148' title='bbox 948 1899 1008 1957; x_wconf 93' lang='lat' dir='ltr'>vim</span> <span class='ocrx_word' id='word_1_149' title='bbox 1019 1897 1173 1972; x_wconf 83' lang='lat' dir='ltr'>rigentem</span> 
     </span>
     <span class='ocr_line' id='line_1_21' title="bbox 193 1980 1174 2056; baseline -0.001 -14"><span class='ocrx_word' id='word_1_150' title='bbox 193 1983 345 2042; x_wconf 89' lang='lat' dir='ltr'>movendo</span> <span class='ocrx_word' id='word_1_151' title='bbox 356 1981 520 2056; x_wconf 86' lang='lat' dir='ltr'>incitaturi,</span> <span class='ocrx_word' id='word_1_152' title='bbox 543 1997 600 2042; x_wconf 90' lang='lat' dir='ltr'>neo</span> <span class='ocrx_word' id='word_1_153' title='bbox 615 1988 717 2042; x_wconf 89' lang='lat' dir='ltr'>cetero</span> <span class='ocrx_word' id='word_1_154' title='bbox 735 1980 817 2056; x_wconf 90' lang='lat' dir='ltr'>vitia,</span> <span class='ocrx_word' id='word_1_155' title='bbox 838 1981 910 2042; x_wconf 91' lang='lat' dir='ltr'>dum</span> <span class='ocrx_word' id='word_1_156' title='bbox 922 1981 1048 2042; x_wconf 81' lang='lat' dir='ltr'>fervent.</span> <span class='ocrx_word' id='word_1_157' title='bbox 1084 1981 1174 2041; x_wconf 85' lang='lat' dir='ltr'>initia</span> 
     </span>
     <span class='ocr_line' id='line_1_22' title="bbox 159 2064 1169 2141; baseline -0.007 -11"><span class='ocrx_word' id='word_1_158' title='bbox 159 2077 178 2130; x_wconf 80' lang='grc'>3</span> <span class='ocrx_word' id='word_1_159' title='bbox 192 2066 368 2125; x_wconf 89' lang='lat' dir='ltr'>morborum</span> <span class='ocrx_word' id='word_1_160' title='bbox 377 2065 566 2140; x_wconf 77' lang='lat' dir='ltr'>quiesceret.</span> <span class='ocrx_word' id='word_1_161' title='bbox 587 2065 797 2139; x_wconf 76' lang='lat' dir='ltr'>„Quantulum</span> <span class='ocrx_word' id='word_1_162' title='bbox 812 2064 923 2139; x_wconf 88' lang='lat' dir='ltr'>inquis,</span> <span class='ocrx_word' id='word_1_163' title='bbox 936 2065 1169 2141; x_wconf 88' lang='lat' dir='ltr'>prodestreme-</span> 
     </span>
    </p>
   </div>
   <div class='ocr_carea' id='block_1_5' title="bbox 129 2147 1251 2228">
    <p class='ocr_par' dir='ltr' id='par_1_11' title="bbox 129 2147 1251 2228">
     <span class='ocr_line' id='line_1_23' title="bbox 129 2147 1251 2228; baseline -0.002 -20"><span class='ocrx_word' id='word_1_164' title='bbox 129 2221 132 2228; x_wconf 15' lang='grc' dir='ltr'><strong><em>Δ</em></strong></span> <span class='ocrx_word' id='word_1_165' title='bbox 194 2149 380 2220; x_wconf 89' lang='lat' dir='ltr'>diumtuum‚</span> <span class='ocrx_word' id='word_1_166' title='bbox 401 2147 428 2207; x_wconf 93' lang='lat' dir='ltr'>si</span> <span class='ocrx_word' id='word_1_167' title='bbox 448 2163 506 2208; x_wconf 89' lang='lat' dir='ltr'>sua</span> <span class='ocrx_word' id='word_1_168' title='bbox 518 2156 628 2223; x_wconf 89' lang='lat' dir='ltr'>sponte</span> <span class='ocrx_word' id='word_1_169' title='bbox 641 2149 829 2208; x_wconf 88' lang='lat' dir='ltr'>desinentem</span> <span class='ocrx_word' id='word_1_170' title='bbox 847 2148 920 2210; x_wconf 89' lang='lat' dir='ltr'>iram</span> <span class='ocrx_word' id='word_1_171' title='bbox 928 2150 1075 2222; x_wconf 66' lang='grc' dir='ltr'>[ιιιιιιιιιι</span> <span class='ocrx_word' id='word_1_172' title='bbox 1104 2147 1170 2206; x_wconf 85' lang='lat' dir='ltr'>Pri-</span> <span class='ocrx_word' id='word_1_173' title='bbox 1250 2169 1251 2176; x_wconf 40' lang='grc' dir='ltr'><strong>ι</strong></span> 
     </span>
    </p>
   </div>
   <div class='ocr_carea' id='block_1_6' title="bbox 193 2219 1251 2305">
    <p class='ocr_par' dir='ltr' id='par_1_12' title="bbox 193 2219 1251 2305">
     <span class='ocr_line' id='line_1_24' title="bbox 193 2219 1251 2305; baseline 0.001 -15"><span class='ocrx_word' id='word_1_174' title='bbox 193 2245 284 2303; x_wconf 89' lang='lat' dir='ltr'>mum,</span> <span class='ocrx_word' id='word_1_175' title='bbox 299 2237 332 2290; x_wconf 90' lang='lat' dir='ltr'>ut</span> <span class='ocrx_word' id='word_1_176' title='bbox 343 2230 567 2304; x_wconf 89' lang='lat' dir='ltr'>eitiusdesinat,</span> <span class='ocrx_word' id='word_1_177' title='bbox 582 2231 684 2291; x_wconf 83' lang='lat' dir='ltr'>allicit.</span> <span class='ocrx_word' id='word_1_178' title='bbox 706 2231 817 2294; x_wconf 91' lang='lat' dir='ltr'>deinde</span> <span class='ocrx_word' id='word_1_179' title='bbox 832 2231 973 2305; x_wconf 86' lang='lat' dir='ltr'>custodit,</span> <span class='ocrx_word' id='word_1_180' title='bbox 988 2246 1027 2290; x_wconf 91' lang='lat' dir='ltr'>ne</span> <span class='ocrx_word' id='word_1_181' title='bbox 1041 2231 1171 2292; x_wconf 89' lang='lat' dir='ltr'>recidat.</span> <span class='ocrx_word' id='word_1_182' title='bbox 1250 2219 1251 2260; x_wconf 64' lang='lat'><em>²</em></span> 
     </span>
    </p>
   </div>
   <div class='ocr_carea' id='block_1_7' title="bbox 192 2313 1174 2556">
    <p class='ocr_par' dir='ltr' id='par_1_13' title="bbox 192 2313 1174 2556">
     <span class='ocr_line' id='line_1_25' title="bbox 192 2313 1170 2390; baseline 0 -16"><span class='ocrx_word' id='word_1_183' title='bbox 192 2315 297 2388; x_wconf 88' lang='lat' dir='ltr'>ipsum</span> <span class='ocrx_word' id='word_1_184' title='bbox 311 2329 436 2389; x_wconf 90' lang='lat' dir='ltr'>quoque</span> <span class='ocrx_word' id='word_1_185' title='bbox 448 2313 592 2390; x_wconf 90' lang='lat' dir='ltr'>inpetum,</span> <span class='ocrx_word' id='word_1_186' title='bbox 611 2329 701 2388; x_wconf 88' lang='lat' dir='ltr'>quem</span> <span class='ocrx_word' id='word_1_187' title='bbox 713 2330 774 2375; x_wconf 93' lang='lat' dir='ltr'>non</span> <span class='ocrx_word' id='word_1_188' title='bbox 789 2315 880 2374; x_wconf 88' lang='lat' dir='ltr'>audet</span> <span class='ocrx_word' id='word_1_189' title='bbox 892 2313 995 2388; x_wconf 89' lang='lat' dir='ltr'>lenire,</span> <span class='ocrx_word' id='word_1_190' title='bbox 1008 2315 1105 2374; x_wconf 77' lang='lat' dir='ltr'>lailot:</span> <span class='ocrx_word' id='word_1_191' title='bbox 1120 2329 1170 2374; x_wconf 91' lang='lat' dir='ltr'>re-</span> 
     </span>
     <span class='ocr_line' id='line_1_26' title="bbox 193 2395 1167 2472; baseline 0 -16"><span class='ocrx_word' id='word_1_192' title='bbox 193 2395 328 2457; x_wconf 86' lang='lat' dir='ltr'>movebit</span> <span class='ocrx_word' id='word_1_193' title='bbox 339 2396 781 2460; x_wconf 90' lang='lat' dir='ltr'>omniaultionisinstrumenta.</span> <span class='ocrx_word' id='word_1_194' title='bbox 798 2396 1039 2472; x_wconf 83' lang='lat' dir='ltr'>simulabitiram,</span> <span class='ocrx_word' id='word_1_195' title='bbox 1053 2405 1167 2458; x_wconf 90' lang='lat' dir='ltr'>uttam-</span> 
     </span>
     <span class='ocr_line' id='line_1_27' title="bbox 194 2480 1174 2556; baseline -0.003 -14"><span class='ocrx_word' id='word_1_196' title='bbox 194 2497 285 2556; x_wconf 89' lang='lat' dir='ltr'>quam</span> <span class='ocrx_word' id='word_1_197' title='bbox 293 2480 414 2542; x_wconf 87' lang='lat' dir='ltr'>adiutor</span> <span class='ocrx_word' id='word_1_198' title='bbox 428 2487 459 2541; x_wconf 90' lang='lat' dir='ltr'>et</span> <span class='ocrx_word' id='word_1_199' title='bbox 472 2482 586 2542; x_wconf 88' lang='lat' dir='ltr'>doloris</span> <span class='ocrx_word' id='word_1_200' title='bbox 601 2496 705 2541; x_wconf 89' lang='lat' dir='ltr'>eomes</span> <span class='ocrx_word' id='word_1_201' title='bbox 713 2481 783 2556; x_wconf 93' lang='lat' dir='ltr'>plus</span> <span class='ocrx_word' id='word_1_202' title='bbox 791 2482 976 2541; x_wconf 83' lang='lat' dir='ltr'>auctoritatis</span> <span class='ocrx_word' id='word_1_203' title='bbox 987 2481 1018 2540; x_wconf 90' lang='lat' dir='ltr'>in</span> <span class='ocrx_word' id='word_1_204' title='bbox 1030 2480 1174 2540; x_wconf 83' lang='lat' dir='ltr'>consiliis</span> 
     </span>
    </p>
   </div>
   <div class='ocr_carea' id='block_1_8' title="bbox 159 2564 1250 2723">
    <p class='ocr_par' dir='ltr' id='par_1_14' title="bbox 159 2564 1250 2723">
     <span class='ocr_line' id='line_1_28' title="bbox 193 2564 1250 2640; baseline 0.001 -18"><span class='ocrx_word' id='word_1_205' title='bbox 193 2564 312 2623; x_wconf 70' lang='lat' dir='ltr'>balneat.</span> <span class='ocrx_word' id='word_1_206' title='bbox 342 2580 444 2626; x_wconf 86' lang='lat' dir='ltr'>moras</span> <span class='ocrx_word' id='word_1_207' title='bbox 460 2572 576 2637; x_wconf 86' lang='lat' dir='ltr'>nectet,</span> <span class='ocrx_word' id='word_1_208' title='bbox 599 2571 630 2624; x_wconf 87' lang='lat' dir='ltr'>et</span> <span class='ocrx_word' id='word_1_209' title='bbox 643 2565 716 2624; x_wconf 91' lang='lat' dir='ltr'>dum</span> <span class='ocrx_word' id='word_1_210' title='bbox 729 2565 872 2624; x_wconf 88' lang='lat' dir='ltr'>maiorem</span> <span class='ocrx_word' id='word_1_211' title='bbox 895 2579 1023 2638; x_wconf 89' lang='lat' dir='ltr'>poenam</span> <span class='ocrx_word' id='word_1_212' title='bbox 1040 2565 1171 2638; x_wconf 85' lang='lat' dir='ltr'>quaerit,</span> <span class='ocrx_word' id='word_1_213' title='bbox 1249 2619 1250 2640; x_wconf 71' lang='lat'>,</span> 
     </span>
     <span class='ocr_line' id='line_1_29' title="bbox 159 2646 1250 2723; baseline -0.003 -18"><span class='ocrx_word' id='word_1_214' title='bbox 159 2652 385 2722; x_wconf 83' lang='lat' dir='ltr'>tpraesentem</span> <span class='ocrx_word' id='word_1_215' title='bbox 401 2647 529 2707; x_wconf 85' lang='lat' dir='ltr'>dilleret.</span> <span class='ocrx_word' id='word_1_216' title='bbox 562 2647 644 2706; x_wconf 93' lang='lat' dir='ltr'>omni</span> <span class='ocrx_word' id='word_1_217' title='bbox 658 2655 722 2707; x_wconf 88' lang='lat' dir='ltr'>arte</span> <span class='ocrx_word' id='word_1_218' title='bbox 737 2647 874 2723; x_wconf 89' lang='lat' dir='ltr'>requiem</span> <span class='ocrx_word' id='word_1_219' title='bbox 889 2648 983 2708; x_wconf 91' lang='lat' dir='ltr'>lurori</span> <span class='ocrx_word' id='word_1_220' title='bbox 998 2646 1091 2708; x_wconf 91' lang='lat' dir='ltr'>dabit.</span> <span class='ocrx_word' id='word_1_221' title='bbox 1136 2647 1170 2708; x_wconf 84' lang='lat' dir='ltr'>st</span> <span class='ocrx_word' id='word_1_222' title='bbox 1249 2649 1250 2702; x_wconf 82' lang='lat' dir='ltr'>l</span> 
     </span>
    </p>
   </div>
   <div class='ocr_carea' id='block_1_9' title="bbox 171 2729 1173 3388">
    <p class='ocr_par' dir='ltr' id='par_1_15' title="bbox 192 2729 1172 2889">
     <span class='ocr_line' id='line_1_30' title="bbox 192 2729 1169 2804; baseline 0.003 -16"><span class='ocrx_word' id='word_1_223' title='bbox 192 2731 402 2791; x_wconf 79' lang='lat' dir='ltr'>veliementior</span> <span class='ocrx_word' id='word_1_224' title='bbox 416 2730 480 2804; x_wconf 89' lang='lat' dir='ltr'>erit,</span> <span class='ocrx_word' id='word_1_225' title='bbox 497 2737 549 2791; x_wconf 88' lang='lat' dir='ltr'>aut</span> <span class='ocrx_word' id='word_1_226' title='bbox 563 2732 712 2804; x_wconf 86' lang='lat' dir='ltr'>pudorem</span> <span class='ocrx_word' id='word_1_227' title='bbox 732 2729 774 2790; x_wconf 92' lang='lat' dir='ltr'>illi</span> <span class='ocrx_word' id='word_1_228' title='bbox 789 2747 846 2790; x_wconf 82' lang='lat' dir='ltr'>cur</span> <span class='ocrx_word' id='word_1_229' title='bbox 859 2747 919 2791; x_wconf 91' lang='lat' dir='ltr'>non</span> <span class='ocrx_word' id='word_1_230' title='bbox 934 2731 1067 2802; x_wconf 88' lang='lat' dir='ltr'>resistat,</span> <span class='ocrx_word' id='word_1_231' title='bbox 1083 2732 1169 2791; x_wconf 88' lang='lat' dir='ltr'>incu-</span> 
     </span>
     <span class='ocr_line' id='line_1_31' title="bbox 192 2813 1172 2889; baseline 0.004 -17"><span class='ocrx_word' id='word_1_232' title='bbox 192 2814 246 2872; x_wconf 88' lang='lat' dir='ltr'>tiet</span> <span class='ocrx_word' id='word_1_233' title='bbox 259 2820 311 2872; x_wconf 92' lang='lat' dir='ltr'>aut</span> <span class='ocrx_word' id='word_1_234' title='bbox 324 2821 446 2873; x_wconf 86' lang='lat' dir='ltr'>metum.</span> <span class='ocrx_word' id='word_1_235' title='bbox 476 2814 503 2873; x_wconf 91' lang='lat' dir='ltr'>si</span> <span class='ocrx_word' id='word_1_236' title='bbox 518 2813 674 2886; x_wconf 87' lang='lat' dir='ltr'>infirmior,</span> <span class='ocrx_word' id='word_1_237' title='bbox 696 2827 855 2873; x_wconf 86' lang='lat' dir='ltr'>sermones</span> <span class='ocrx_word' id='word_1_238' title='bbox 875 2813 984 2874; x_wconf 87' lang='lat' dir='ltr'>inleret</span> <span class='ocrx_word' id='word_1_239' title='bbox 996 2815 1046 2873; x_wconf 92' lang='lat' dir='ltr'>vel</span> <span class='ocrx_word' id='word_1_240' title='bbox 1061 2821 1172 2889; x_wconf 78' lang='lat' dir='ltr'>gratos</span> 
     </span>
    </p>

    <p class='ocr_par' dir='ltr' id='par_1_16' title="bbox 171 2896 1173 3388">
     <span class='ocr_line' id='line_1_32' title="bbox 171 2896 1171 2972; baseline 0.003 -17"><span class='ocrx_word' id='word_1_241' title='bbox 171 2921 176 2928; x_wconf 60' lang='grc'><strong>»</strong></span> <span class='ocrx_word' id='word_1_242' title='bbox 192 2898 242 2955; x_wconf 92' lang='lat' dir='ltr'>vel</span> <span class='ocrx_word' id='word_1_243' title='bbox 256 2911 355 2955; x_wconf 91' lang='lat' dir='ltr'>novos</span> <span class='ocrx_word' id='word_1_244' title='bbox 370 2903 401 2956; x_wconf 88' lang='lat' dir='ltr'>et</span> <span class='ocrx_word' id='word_1_245' title='bbox 414 2896 579 2971; x_wconf 89' lang='lat' dir='ltr'>cupiditate</span> <span class='ocrx_word' id='word_1_246' title='bbox 594 2897 803 2972; x_wconf 87' lang='lat' dir='ltr'>cognoscendi</span> <span class='ocrx_word' id='word_1_247' title='bbox 823 2898 973 2958; x_wconf 88' lang='lat' dir='ltr'>avocabit.</span> <span class='ocrx_word' id='word_1_248' title='bbox 1014 2897 1171 2958; x_wconf 86' lang='lat' dir='ltr'>Medicum</span> 
     </span>
     <span class='ocr_line' id='line_1_33' title="bbox 192 2979 1170 3056; baseline 0.004 -18"><span class='ocrx_word' id='word_1_249' title='bbox 192 2979 285 3050; x_wconf 77' lang='lat' dir='ltr'>aiunt</span> <span class='ocrx_word' id='word_1_250' title='bbox 301 2995 370 3038; x_wconf 88' lang='lat' dir='ltr'>eum</span> <span class='ocrx_word' id='word_1_251' title='bbox 384 2979 466 3053; x_wconf 89' lang='lat' dir='ltr'>regis</span> <span class='ocrx_word' id='word_1_252' title='bbox 480 2980 573 3040; x_wconf 88' lang='lat' dir='ltr'>liliam</span> <span class='ocrx_word' id='word_1_253' title='bbox 588 2995 696 3041; x_wconf 87' lang='lat' dir='ltr'>curare</span> <span class='ocrx_word' id='word_1_254' title='bbox 708 2980 833 3042; x_wconf 89' lang='lat' dir='ltr'>deberet</span> <span class='ocrx_word' id='word_1_255' title='bbox 844 2997 901 3042; x_wconf 90' lang='lat' dir='ltr'>nec</span> <span class='ocrx_word' id='word_1_256' title='bbox 915 2981 982 3042; x_wconf 90' lang='lat' dir='ltr'>sine</span> <span class='ocrx_word' id='word_1_257' title='bbox 996 2982 1079 3042; x_wconf 90' lang='lat' dir='ltr'>lerro</span> <span class='ocrx_word' id='word_1_258' title='bbox 1094 2997 1170 3056; x_wconf 91' lang='lat' dir='ltr'>pos·</span> 
     </span>
     <span class='ocr_line' id='line_1_34' title="bbox 192 3062 1173 3140; baseline 0.005 -19"><span class='ocrx_word' id='word_1_259' title='bbox 192 3067 254 3132; x_wconf 90' lang='lat' dir='ltr'>set,</span> <span class='ocrx_word' id='word_1_260' title='bbox 281 3062 353 3121; x_wconf 92' lang='lat' dir='ltr'>dum</span> <span class='ocrx_word' id='word_1_261' title='bbox 374 3069 537 3123; x_wconf 87' lang='lat' dir='ltr'>tumentem</span> <span class='ocrx_word' id='word_1_262' title='bbox 558 3079 718 3124; x_wconf 88' lang='lat' dir='ltr'>mammam</span> <span class='ocrx_word' id='word_1_263' title='bbox 739 3066 847 3140; x_wconf 77' lang='lat' dir='ltr'>leniter</span> <span class='ocrx_word' id='word_1_264' title='bbox 864 3068 955 3139; x_wconf 84' lang='lat' dir='ltr'>lovel,</span> <span class='ocrx_word' id='word_1_265' title='bbox 986 3064 1173 3139; x_wconf 85' lang='lat' dir='ltr'>scalpellum</span> 
     </span>
     <span class='ocr_line' id='line_1_35' title="bbox 193 3145 1173 3224; baseline 0.006 -20"><span class='ocrx_word' id='word_1_266' title='bbox 193 3145 324 3218; x_wconf 81' lang='lat' dir='ltr'>spongia</span> <span class='ocrx_word' id='word_1_267' title='bbox 344 3153 456 3206; x_wconf 90' lang='lat' dir='ltr'>tectum</span> <span class='ocrx_word' id='word_1_268' title='bbox 476 3147 647 3207; x_wconf 86' lang='lat' dir='ltr'>induxisse.</span> <span class='ocrx_word' id='word_1_269' title='bbox 685 3155 889 3222; x_wconf 90' lang='lat' dir='ltr'>repugnasset</span> <span class='ocrx_word' id='word_1_270' title='bbox 908 3150 1010 3224; x_wconf 89' lang='lat' dir='ltr'>puella</span> <span class='ocrx_word' id='word_1_271' title='bbox 1030 3149 1173 3210; x_wconf 90' lang='lat' dir='ltr'>remedio</span> 
     </span>
     <span class='ocr_line' id='line_1_36' title="bbox 193 3229 1172 3308; baseline 0.007 -22"><span class='ocrx_word' id='word_1_272' title='bbox 193 3229 294 3301; x_wconf 87' lang='lat' dir='ltr'>palam</span> <span class='ocrx_word' id='word_1_273' title='bbox 308 3229 441 3290; x_wconf 86' lang='lat' dir='ltr'>admoto.</span> <span class='ocrx_word' id='word_1_274' title='bbox 467 3231 582 3302; x_wconf 86' lang='lat' dir='ltr'>eadem,</span> <span class='ocrx_word' id='word_1_275' title='bbox 600 3231 742 3305; x_wconf 84' lang='lat' dir='ltr'>quianon</span> <span class='ocrx_word' id='word_1_276' title='bbox 754 3231 954 3308; x_wconf 88' lang='lat' dir='ltr'>exspectavit,</span> <span class='ocrx_word' id='word_1_277' title='bbox 969 3231 1108 3292; x_wconf 87' lang='lat' dir='ltr'>dolorem</span> <span class='ocrx_word' id='word_1_278' title='bbox 1123 3240 1172 3293; x_wconf 90' lang='lat' dir='ltr'>tu-</span> 
     </span>
     <span class='ocr_line' id='line_1_37' title="bbox 193 3309 889 3388; baseline 0.009 -20"><span class='ocrx_word' id='word_1_279' title='bbox 193 3310 234 3368; x_wconf 89' lang='lat' dir='ltr'>lit.</span> <span class='ocrx_word' id='word_1_280' title='bbox 266 3309 421 3384; x_wconf 85' lang='lat' dir='ltr'>Quaedam</span> <span class='ocrx_word' id='word_1_281' title='bbox 435 3329 497 3373; x_wconf 94' lang='lat' dir='ltr'>non</span> <span class='ocrx_word' id='word_1_282' title='bbox 512 3313 571 3374; x_wconf 91' lang='lat' dir='ltr'>nisi</span> <span class='ocrx_word' id='word_1_283' title='bbox 587 3313 717 3388; x_wconf 87' lang='lat' dir='ltr'>decepta</span> <span class='ocrx_word' id='word_1_284' title='bbox 733 3323 889 3376; x_wconf 89' lang='lat' dir='ltr'>sanantur.</span> 
     </span>
    </p>
   </div>
   <div class='ocr_carea' id='block_1_10' title="bbox 40 3379 1248 3556">
    <p class='ocr_par' dir='ltr' id='par_1_17' title="bbox 40 3379 1248 3556">
     <span class='ocr_line' id='line_1_38' title="bbox 40 3379 1248 3472; baseline 0.002 -19"><span class='ocrx_word' id='word_1_285' title='bbox 40 3421 43 3428; x_wconf 94' lang='lat'>·</span> <span class='ocrx_word' id='word_1_286' title='bbox 160 3401 177 3453; x_wconf 93' lang='lat'>1</span> <span class='ocrx_word' id='word_1_287' title='bbox 253 3393 314 3454; x_wconf 89' lang='lat' dir='ltr'>XL.</span> <span class='ocrx_word' id='word_1_288' title='bbox 335 3396 431 3456; x_wconf 87' lang='lat' dir='ltr'>Alteri</span> <span class='ocrx_word' id='word_1_289' title='bbox 447 3396 660 3472; x_wconf 24' lang='lat' dir='ltr'>dioes=·„vide</span> <span class='ocrx_word' id='word_1_290' title='bbox 673 3412 713 3456; x_wconf 94' lang='lat' dir='ltr'>ne</span> <span class='ocrx_word' id='word_1_291' title='bbox 727 3397 857 3459; x_wconf 90' lang='lat' dir='ltr'>inimicis</span> <span class='ocrx_word' id='word_1_292' title='bbox 871 3397 1030 3459; x_wconf 87' lang='lat' dir='ltr'>iracundia</span> <span class='ocrx_word' id='word_1_293' title='bbox 1045 3379 1100 3458; x_wconf 73' lang='lat' dir='ltr'>tua</span> <span class='ocrx_word' id='word_1_294' title='bbox 1115 3415 1172 3462; x_wconf 89' lang='lat' dir='ltr'>vo·</span> <span class='ocrx_word' id='word_1_295' title='bbox 1247 3453 1248 3456; x_wconf 74' lang='grc'>,</span> 
     </span>
     <span class='ocr_line' id='line_1_39' title="bbox 191 3463 1248 3556; baseline 0.007 -18"><span class='ocrx_word' id='word_1_296' title='bbox 191 3477 300 3553; x_wconf 90' lang='lat' dir='ltr'>luptati</span> <span class='ocrx_word' id='word_1_297' title='bbox 313 3477 383 3539; x_wconf 85' lang='lat' dir='ltr'>sit“</span> <span class='ocrx_word' id='word_1_298' title='bbox 411 3477 512 3540; x_wconf 69' lang='lat' dir='ltr'>alteris</span> <span class='ocrx_word' id='word_1_299' title='bbox 532 3480 624 3554; x_wconf 90' lang='lat' dir='ltr'>„vide</span> <span class='ocrx_word' id='word_1_300' title='bbox 639 3495 678 3540; x_wconf 91' lang='lat' dir='ltr'>ne</span> <span class='ocrx_word' id='word_1_301' title='bbox 696 3480 872 3556; x_wconf 84' lang='lat' dir='ltr'>magnitudo</span> <span class='ocrx_word' id='word_1_302' title='bbox 894 3481 985 3542; x_wconf 87' lang='lat' dir='ltr'>animi</span> <span class='ocrx_word' id='word_1_303' title='bbox 1004 3480 1048 3542; x_wconf 90' lang='lat' dir='ltr'>tui</span> <span class='ocrx_word' id='word_1_304' title='bbox 1070 3481 1171 3544; x_wconf 86' lang='lat' dir='ltr'>eredi-</span> <span class='ocrx_word' id='word_1_305' title='bbox 1247 3463 1248 3498; x_wconf 59' lang='lat'>¹</span> 
     </span>
    </p>
   </div>
   <div class='ocr_carea' id='block_1_11' title="bbox 0 0 1275 3906">
    <p class='ocr_par' dir='ltr' id='par_1_18' title="bbox 0 0 1275 3906">
     <span class='ocr_line' id='line_1_40' title="bbox 0 0 1275 3906; baseline 0 0"><span class='ocrx_word' id='word_1_306' title='bbox 0 0 1275 3906; x_wconf 95' lang='lat' dir='ltr'> </span> 
     </span>
    </p>
   </div>
  </div>
 </body>
</html>
