2554 3888
154 251 155 256 ’
222 297 223 300 ,
301 237 355 295 AD
378 234 561 298 SERENUM
580 235 631 293 DE
653 233 750 294 OTIO.
775 243 862 300 5-7.
1018 233 1080 296 los

96 389 224 448 desunt:
247 387 358 461 ecquid
372 386 414 446 illi
429 403 534 446 secum
550 403 621 448 esse
636 385 815 462 permittes?
843 387 907 461 Quo
924 389 1024 450 auimo
1039 389 1109 462 ada

98 473 190 532 otium
215 470 339 546 sapiens
360 469 497 530 secedite
517 478 550 530 ut
570 470 648 530 sciat
668 477 784 529 selum
806 487 931 547 quoque
946 487 983 532 ea
997 479 1079 532 aetra-

96 571 173 628 rum,
189 570 246 629 per
261 569 340 629 quae
355 555 488 630 posteris
504 551 615 629 prosit.
636 553 699 614 Nos
719 560 801 614 certe
816 571 926 616 sumus
939 557 991 630 qui
1006 556 1079 617 dici·

98 655 164 700 mus
181 645 212 698 et
224 638 379 700 Zenonem
401 646 430 698 et
445 637 650 716 Chrysippum
673 636 788 698 maiora
804 639 922 714 egisse,
946 655 1037 714 quam
1053 639 1080 698 si

97 721 261 782 duxissent
274 722 443 794 exercitus,
465 721 638 796 gessissent
652 720 801 794 honoreS,
824 723 916 820 leges·
924 725 1082 784 adissent

99 823 177 882 quas
198 821 260 865 non
283 805 334 864 uni
355 805 483 879 civitati,
507 806 596 865 sedl
584 805 639 866 toti
661 805 793 867 humano
813 807 918 882 generi
939 807 1080 867 tulerunt

98 890 172 965 quid
187 896 236 949 est
250 903 339 964 ergo,
357 904 452 965 quare
467 889 527 949 tale
543 889 636 950 otium
652 906 713 949 non
730 890 892 950 conveniat
905 891 988 952 bono
1004 891 1080 966 viro,

98 990 153 1049 per
169 973 255 1049 quod
269 974 370 1037 lutura
390 974 495 1032 secula
509 972 630 1053 ordinet
650 989 707 1033 nec
723 975 806 1049 apud
823 990 941 1050 paucos
957 975 1082 1035 concio·

97 1064 195 1130 netur,
212 1057 269 1117 sed
281 1057 364 1132 apud
380 1071 487 1117 omnes
503 1055 637 1116 omnium
651 1058 786 1131 gentium
800 1057 949 1131 homines,
967 1060 1083 1134 quique

97 1148 169 1201 sunt
184 1139 300 1216 quique
315 1147 423 1200 erunt?
450 1139 498 1199 Ad
517 1155 666 1200 summam
682 1157 814 1216 quaero,
836 1159 873 1202 an
899 1158 937 1201 ex
954 1146 1110 1218 praece-5

98 1225 158 1300 ptis
174 1224 240 1284 suis
255 1224 385 1284 vixerint
400 1224 560 1284 Cleanthes
575 1230 606 1284 et
620 1224 812 1304 Chrysippus
830 1233 860 1286 et
873 1225 988 1287 Zenon.
1018 1243 1081 1286 non

98 1308 191 1368 dubie
205 1307 412 1384 respondebis
425 1308 470 1368 sic
483 1307 552 1369 illos
570 1307 701 1380 vixisse,
724 1310 981 1385 quemadmodum
994 1309 1080 1368 dixe·

97 1400 166 1452 rant
191 1407 263 1452 esse
288 1391 467 1452 vivendum:
496 1393 579 1468 atqui
604 1409 693 1454 nemo
717 1393 838 1454 illorum
862 1393 1081 1469 rempublicam

99 1475 329 1536 administravit
359 1476 529 1550 „Non'luit,
555 1475 753 1552 inquisitis
775 1483 827 1537 aut
842 1493 879 1536 ea
894 1472 1014 1538 fortuna
1029 1484 1080 1535 aut
1186 1487 1187 1490 ’
1210 1543 1214 1554 Ι

98 1560 231 1636 dignitas
246 1575 293 1634 ea,
319 1575 398 1636 quae
413 1560 528 1621 admitti
542 1563 582 1620 ad
598 1559 788 1636 publicarum
806 1576 908 1622 rerum
928 1561 1080 1623 tractatio·

98 1657 169 1704 nem
189 1644 301 1704 solet.“
335 1643 396 1704 Sed
423 1643 515 1704 iidem
540 1643 736 1706 nihilominus
760 1661 822 1705 non
844 1660 969 1720 segnem
990 1661 1083 1720 egere
1108 1654 1112 1664 ’

99 1727 210 1788 vitam:
224 1728 414 1802 invenerunt,
431 1727 688 1802 quemadmodum
704 1731 773 1803 plus
790 1729 878 1803 quies
893 1730 1011 1790 illorum
1026 1731 1080 1789 ho-

99 1811 232 1871 minibus
245 1811 411 1887 prodesset
422 1827 513 1888 quam
526 1813 652 1874 aliorum
665 1811 826 1873 discursus
841 1821 871 1872 el
886 1813 990 1873 sudor.
1007 1828 1084 1888 ergo

98 1893 296 1956 nihilominus
319 1895 350 1954 hi
370 1897 495 1956 multum
524 1897 626 1972 egisse
654 1896 818 1971 visisunt,
849 1898 988 1972 quamvis
1009 1896 1082 1955 nihil

100 1979 223 2056 publice
238 1986 372 2055 agerent
405 2004 411 2015 ·

159 2064 227 2123 vll.
249 2063 411 2125 Praeterea
427 2063 483 2123 tria
497 2079 612 2138 genera
626 2071 698 2125 sunl
713 2065 801 2138 vitae,
817 2063 895 2126 inter
908 2079 985 2139 quae
999 2065 1106 2138 quadr

98 2149 139 2210 sit
156 2149 313 2224 optimum,
330 2149 436 2224 quaeri
453 2150 547 2208 solet:
571 2164 663 2208 unum
679 2149 825 2224 voluptati
841 2155 938 2219 vacat,
954 2149 1081 2209 alterum
1158 2185 1162 2192 ·

100 2231 364 2310 contemplationi,
382 2230 510 2292 tertium
535 2231 655 2293 actioni.
683 2231 815 2292 Primum
841 2231 984 2308 deposita
1009 2248 1081 2292 con-

98 2315 455 2392 tentionedepositoque
471 2314 558 2388 odio,
581 2317 665 2392 quod
687 2317 869 2392 inplacabile
891 2316 1013 2376 diversa
1034 2333 1081 2376 se-

102 2399 266 2475 quentibus
287 2401 468 2474 indiximus
490 2398 665 2474 videamuS,
685 2416 724 2458 an
738 2400 816 2460 haec
832 2401 933 2460 omnia
947 2399 987 2460 ad
1001 2399 1082 2458 idem

100 2485 159 2544 sub
181 2484 241 2544 a'io
257 2491 349 2560 alque
366 2485 425 2544 alio
447 2484 531 2544 titulo
546 2484 734 2558 perveniant.
764 2481 902 2556 neo‘ille,
926 2483 977 2558 qui
999 2485 1084 2542 volu·

100 2575 215 2644 ptatem
244 2569 366 2644 probat,
394 2569 461 2628 sine
486 2568 750 2644 contemplatione·
768 2573 824 2626 est.
856 2583 914 2626 nec
940 2567 1004 2638 ille,
1031 2567 1082 2640 qui

100 2651 350 2728 contemplationi
364 2651 499 2726 inservit,
516 2653 582 2711 sine
597 2651 754 2726 voluptate
768 2658 824 2710 est.
851 2666 908 2710 nec
920 2649 979 2720 ille,
995 2649 1083 2708 cuius

101 2735 165 2796 vila
188 2737 362 2797 actionibus
387 2735 537 2796 destinata
562 2743 623 2810 est,
653 2736 720 2794 sine
745 2731 1001 2810 contemplatione
1026 2741 1081 2793 est.

98 2819 296 2895 „Plurimum
312 2819 424 2896 inquis,
441 2819 624 2880 discriminis
639 2825 700 2896 est,
717 2826 815 2880 ulrum
831 2818 933 2894 aliqua
947 2832 997 2876 res
1014 2823 1115 2891 pro-2

9 2955 11 2964 ,
99 2905 236 2980 positum
262 2905 315 2976 sit,
341 2921 379 2964 an
406 2903 556 2980 propositi
582 2903 705 2964 alterius
732 2902 871 2964 accessio
898 2899 967 2962 sit.“
1003 2899 1084 2960 Sane

9 3054 13 3060 ,
98 2989 220 3062 grande
234 2989 407 3060 discrimen,
423 2995 523 3048 tamea
539 2989 666 3048 alterum
680 2987 747 3047 sine
762 2987 857 3046 allero
872 3001 931 3045 non
948 2991 1010 3045 est:
1026 3000 1083 3046 nec

98 3073 151 3132 ille
165 3071 233 3132 sine
244 3073 364 3134 actione
376 3074 605 3148 contemplatur,
621 3087 678 3132 nec
690 3071 738 3131 lrio
749 3071 816 3130 sine
828 3068 1084 3144 contemplatione
1148 3087 1149 3090 ¹

97 3155 172 3230 agit,
190 3172 247 3216 nec
261 3156 312 3216 ille
326 3155 441 3231 tertius,
456 3157 496 3216 de
512 3171 573 3230 quo
585 3157 663 3215 male
675 3155 850 3216 existimare
862 3152 1084 3226 consensimus,

96 3242 289 3315 voluptatem
305 3241 431 3300 inertem
446 3240 569 3315 probat,
570 3240 639 3299 -sed
656 3255 738 3311 eam,
755 3253 845 3314 quarn
859 3236 976 3298 ratione
991 3251 1008 3295 e
1011 3235 1085 3296 llicit

95 3324 220 3384 firmam
246 3325 314 3384 sibi.
344 3324 389 3384 lta
409 3332 439 3386 et
458 3323 567 3382 halec
560 3339 629 3398 ipsa
652 3321 825 3419 voluptaria
850 3327 935 3382 secta
958 3318 989 3379 in
1016 3327 1115 3380 aclu3

95 3415 159 3468 est.
189 3405 296 3482 quidni
318 3407 366 3482 [in
386 3415 456 3468 actu
476 3409 561 3486 est]l
582 3421 652 3492 cum
673 3407 741 3482 ipse
761 3403 841 3466 dicat
858 3404 1009 3480 Epicurus
1030 3399 1083 3460 ali-

95 3491 228 3568 quando
245 3505 280 3552 se
294 3505 489 3553 recessurum
504 3506 524 3551 a
538 3477 709 3568 voluptate,
731 3490 868 3551 dolorem
885 3486 974 3549 etiam
989 3484 1084 3559 adpe-
