<?xml version="1.0" encoding="UTF-8"?>
<!DOCTYPE html PUBLIC "-//W3C//DTD XHTML 1.0 Transitional//EN"
    "http://www.w3.org/TR/xhtml1/DTD/xhtml1-transitional.dtd">
<html xmlns="http://www.w3.org/1999/xhtml" xml:lang="en" lang="en">
 <head>
  <title>
</title>
<meta http-equiv="Content-Type" content="text/html;charset=utf-8" />
  <meta name='ocr-system' content='tesseract 3.04.00' />
  <meta name='ocr-capabilities' content='ocr_page ocr_carea ocr_par ocr_line ocrx_word'/>
</head>
<body>
  <div class='ocr_page' id='page_1' title='image "./operaquaesupers00senegoog_0297.png"; bbox 0 0 2546 3890; ppageno 0'>
   <div class='ocr_carea' id='block_1_1' title="bbox 234 233 906 304">
    <p class='ocr_par' dir='ltr' id='par_1_1' title="bbox 234 233 906 304">
     <span class='ocr_line' id='line_1_1' title="bbox 234 233 906 304; baseline -0.016 0"><span class='ocrx_word' id='word_1_1' title='bbox 234 237 298 304; x_wconf 70' lang='lat'><strong>284</strong></span> <span class='ocrx_word' id='word_1_2' title='bbox 509 237 542 295; x_wconf 84' lang='lat' dir='ltr'><strong>L.</strong></span> <span class='ocrx_word' id='word_1_3' title='bbox 566 235 712 295; x_wconf 85' lang='lat' dir='ltr'>ANNAEI</span> <span class='ocrx_word' id='word_1_4' title='bbox 732 233 906 295; x_wconf 78' lang='lat' dir='ltr'>SENECAE</span> 
     </span>
    </p>
   </div>
   <div class='ocr_carea' id='block_1_2' title="bbox 206 385 1255 1798">
    <p class='ocr_par' dir='ltr' id='par_1_2' title="bbox 206 385 1255 966">
     <span class='ocr_line' id='line_1_2' title="bbox 206 385 1225 462; baseline -0.008 -8"><span class='ocrx_word' id='word_1_5' title='bbox 206 398 342 454; x_wconf 81' lang='lat' dir='ltr'><strong>&#39;luorum</strong></span> <span class='ocrx_word' id='word_1_6' title='bbox 358 389 460 449; x_wconf 94' lang='lat' dir='ltr'><strong>odium</strong></span> <span class='ocrx_word' id='word_1_7' title='bbox 474 387 622 462; x_wconf 87' lang='lat' dir='ltr'><strong>reprimit,</strong></span> <span class='ocrx_word' id='word_1_8' title='bbox 639 385 772 446; x_wconf 91' lang='lat' dir='ltr'><strong>omnium</strong></span> <span class='ocrx_word' id='word_1_9' title='bbox 790 387 899 446; x_wconf 83' lang='lat' dir='ltr'><strong>inritat</strong></span> <span class='ocrx_word' id='word_1_10' title='bbox 926 387 1079 448; x_wconf 78' lang='lat' dir='ltr'>Voluntas</span> <span class='ocrx_word' id='word_1_11' title='bbox 1092 395 1225 462; x_wconf 81' lang='lat' dir='ltr'><strong>oportet</strong></span> 
     </span>
     <span class='ocr_line' id='line_1_3' title="bbox 235 469 1222 546; baseline -0.004 -12"><span class='ocrx_word' id='word_1_12' title='bbox 235 481 305 534; x_wconf 88' lang='lat' dir='ltr'><strong>ante</strong></span> <span class='ocrx_word' id='word_1_13' title='bbox 327 471 484 532; x_wconf 89' lang='lat' dir='ltr'><strong>saeviendi</strong></span> <span class='ocrx_word' id='word_1_14' title='bbox 506 486 596 546; x_wconf 88' lang='lat' dir='ltr'><strong>quam</strong></span> <span class='ocrx_word' id='word_1_15' title='bbox 617 486 713 530; x_wconf 88' lang='lat' dir='ltr'><strong>causa</strong></span> <span class='ocrx_word' id='word_1_16' title='bbox 732 469 863 529; x_wconf 83' lang='lat' dir='ltr'><strong>deficiat</strong></span> <span class='ocrx_word' id='word_1_17' title='bbox 900 470 1036 545; x_wconf 77' lang='lat' dir='ltr'><strong>alioquin</strong></span> <span class='ocrx_word' id='word_1_18' title='bbox 1066 473 1222 546; x_wconf 86' lang='lat' dir='ltr'><strong>quemad-</strong></span> 
     </span>
     <span class='ocr_line' id='line_1_4' title="bbox 235 551 1255 630; baseline -0.006 -12"><span class='ocrx_word' id='word_1_19' title='bbox 235 556 360 618; x_wconf 86' lang='lat' dir='ltr'>modum</span> <span class='ocrx_word' id='word_1_20' title='bbox 381 553 540 630; x_wconf 74' lang='lat' dir='ltr'><strong>praecisae</strong></span> <span class='ocrx_word' id='word_1_21' title='bbox 561 553 688 614; x_wconf 88' lang='lat' dir='ltr'><strong>arboras</strong></span> <span class='ocrx_word' id='word_1_22' title='bbox 705 551 842 628; x_wconf 86' lang='lat' dir='ltr'><strong>plurimis</strong></span> <span class='ocrx_word' id='word_1_23' title='bbox 860 553 954 613; x_wconf 90' lang='lat' dir='ltr'><strong>ramis</strong></span> <span class='ocrx_word' id='word_1_24' title='bbox 973 554 1170 628; x_wconf 73' lang='lat' dir='ltr'><strong>repullulant</strong></span> <span class='ocrx_word' id='word_1_25' title='bbox 1191 561 1223 612; x_wconf 85' lang='lat' dir='ltr'><strong>et</strong></span> <span class='ocrx_word' id='word_1_26' title='bbox 1254 569 1255 612; x_wconf 86' lang='lat' dir='ltr'><strong>l</strong></span> 
     </span>
     <span class='ocr_line' id='line_1_5' title="bbox 235 637 1220 713; baseline -0.006 -11"><span class='ocrx_word' id='word_1_27' title='bbox 235 642 329 702; x_wconf 92' lang='lat' dir='ltr'><strong>multa</strong></span> <span class='ocrx_word' id='word_1_28' title='bbox 343 645 479 700; x_wconf 88' lang='lat' dir='ltr'><strong>satorum</strong></span> <span class='ocrx_word' id='word_1_29' title='bbox 493 652 622 713; x_wconf 87' lang='lat' dir='ltr'><strong>genera,</strong></span> <span class='ocrx_word' id='word_1_30' title='bbox 644 644 678 696; x_wconf 91' lang='lat' dir='ltr'><strong>ut</strong></span> <span class='ocrx_word' id='word_1_31' title='bbox 697 637 842 696; x_wconf 79' lang='lat' dir='ltr'><strong>densiora</strong></span> <span class='ocrx_word' id='word_1_32' title='bbox 858 643 1000 711; x_wconf 80' lang='lat' dir='ltr'>surgant,</span> <span class='ocrx_word' id='word_1_33' title='bbox 1022 637 1220 708; x_wconf 86' lang='lat' dir='ltr'><strong>reciduntur,</strong></span> 
     </span>
     <span class='ocr_line' id='line_1_6' title="bbox 235 719 1219 796; baseline -0.008 -11"><span class='ocrx_word' id='word_1_34' title='bbox 235 725 277 785; x_wconf 89' lang='lat' dir='ltr'><strong>ita</strong></span> <span class='ocrx_word' id='word_1_35' title='bbox 290 723 374 796; x_wconf 88' lang='lat' dir='ltr'><strong>regia</strong></span> <span class='ocrx_word' id='word_1_36' title='bbox 389 721 551 782; x_wconf 88' lang='lat' dir='ltr'><strong>crudelitas</strong></span> <span class='ocrx_word' id='word_1_37' title='bbox 573 727 664 795; x_wconf 88' lang='lat' dir='ltr'><strong>auget</strong></span> <span class='ocrx_word' id='word_1_38' title='bbox 683 719 871 780; x_wconf 85' lang='lat' dir='ltr'><strong>inimicormn</strong></span> <span class='ocrx_word' id='word_1_39' title='bbox 890 735 1048 780; x_wconf 73' lang='lat' dir='ltr'><strong>nummum</strong></span> <span class='ocrx_word' id='word_1_40' title='bbox 1062 721 1219 782; x_wconf 91' lang='lat' dir='ltr'><strong>tollendo.</strong></span> 
     </span>
     <span class='ocr_line' id='line_1_7' title="bbox 235 801 1222 884; baseline -0.004 -18"><span class='ocrx_word' id='word_1_41' title='bbox 235 813 379 884; x_wconf 89' lang='lat' dir='ltr'><strong>parentes</strong></span> <span class='ocrx_word' id='word_1_42' title='bbox 400 806 478 864; x_wconf 87' lang='lat' dir='ltr'><strong>enim</strong></span> <span class='ocrx_word' id='word_1_43' title='bbox 504 801 653 878; x_wconf 89' lang='lat' dir='ltr'><strong>liberique</strong></span> <span class='ocrx_word' id='word_1_44' title='bbox 677 819 798 876; x_wconf 88' lang='lat' dir='ltr'><strong>eorum,</strong></span> <span class='ocrx_word' id='word_1_45' title='bbox 821 803 874 877; x_wconf 91' lang='lat' dir='ltr'><strong>qui</strong></span> <span class='ocrx_word' id='word_1_46' title='bbox 892 803 1044 864; x_wconf 87' lang='lat' dir='ltr'><strong>interlecti</strong></span> <span class='ocrx_word' id='word_1_47' title='bbox 1069 811 1162 878; x_wconf 89' lang='lat' dir='ltr'><strong>sunt,</strong></span> <span class='ocrx_word' id='word_1_48' title='bbox 1190 811 1222 862; x_wconf 87' lang='lat' dir='ltr'><strong>at</strong></span> 
     </span>
     <span class='ocr_line' id='line_1_8' title="bbox 236 887 1108 966; baseline -0.003 -17"><span class='ocrx_word' id='word_1_49' title='bbox 236 888 403 966; x_wconf 90' lang='lat' dir='ltr'><strong>propinqui</strong></span> <span class='ocrx_word' id='word_1_50' title='bbox 418 894 448 948; x_wconf 90' lang='lat' dir='ltr'><strong>et</strong></span> <span class='ocrx_word' id='word_1_51' title='bbox 461 887 549 947; x_wconf 91' lang='lat' dir='ltr'><strong>amici</strong></span> <span class='ocrx_word' id='word_1_52' title='bbox 564 887 593 946; x_wconf 92' lang='lat' dir='ltr'><strong>in</strong></span> <span class='ocrx_word' id='word_1_53' title='bbox 608 889 708 947; x_wconf 91' lang='lat' dir='ltr'><strong>locum</strong></span> <span class='ocrx_word' id='word_1_54' title='bbox 723 887 911 962; x_wconf 88' lang='lat' dir='ltr'><strong>singulorum</strong></span> <span class='ocrx_word' id='word_1_55' title='bbox 928 889 1108 949; x_wconf 88' lang='lat' dir='ltr'><strong>succedunt.</strong></span> 
     </span>
    </p>

    <p class='ocr_par' dir='ltr' id='par_1_3' title="bbox 207 971 1221 1299">
     <span class='ocr_line' id='line_1_9' title="bbox 207 971 1221 1048; baseline -0.003 -12"><span class='ocrx_word' id='word_1_56' title='bbox 207 985 223 1036; x_wconf 96' lang='lat'>1</span> <span class='ocrx_word' id='word_1_57' title='bbox 296 973 346 1031; x_wconf 90' lang='lat' dir='ltr'><strong>lX.</strong></span> <span class='ocrx_word' id='word_1_58' title='bbox 368 971 436 1031; x_wconf 85' lang='lat' dir='ltr'><strong>Hoc</strong></span> <span class='ocrx_word' id='word_1_59' title='bbox 453 987 544 1046; x_wconf 92' lang='lat' dir='ltr'><strong>quam</strong></span> <span class='ocrx_word' id='word_1_60' title='bbox 559 986 664 1031; x_wconf 88' lang='lat' dir='ltr'><strong>verum</strong></span> <span class='ocrx_word' id='word_1_61' title='bbox 679 971 731 1042; x_wconf 90' lang='lat' dir='ltr'><strong>sit,</strong></span> <span class='ocrx_word' id='word_1_62' title='bbox 754 971 920 1032; x_wconf 85' lang='lat' dir='ltr'><strong>admonere</strong></span> <span class='ocrx_word' id='word_1_63' title='bbox 939 979 969 1032; x_wconf 88' lang='lat' dir='ltr'><strong>te</strong></span> <span class='ocrx_word' id='word_1_64' title='bbox 989 973 1135 1048; x_wconf 89' lang='lat' dir='ltr'><strong>exemplo</strong></span> <span class='ocrx_word' id='word_1_65' title='bbox 1160 974 1221 1033; x_wconf 86' lang='lat' dir='ltr'><strong>do·</strong></span> 
     </span>
     <span class='ocr_line' id='line_1_10' title="bbox 235 1055 1217 1132; baseline 0.001 -17"><span class='ocrx_word' id='word_1_66' title='bbox 235 1055 362 1116; x_wconf 89' lang='lat' dir='ltr'><strong>mestico</strong></span> <span class='ocrx_word' id='word_1_67' title='bbox 378 1055 460 1116; x_wconf 88' lang='lat' dir='ltr'><strong>volo.</strong></span> <span class='ocrx_word' id='word_1_68' title='bbox 484 1055 580 1115; x_wconf 88' lang='lat' dir='ltr'><strong>Divus</strong></span> <span class='ocrx_word' id='word_1_69' title='bbox 593 1057 752 1129; x_wconf 86' lang='lat' dir='ltr'><strong>Augustus</strong></span> <span class='ocrx_word' id='word_1_70' title='bbox 767 1055 822 1115; x_wconf 91' lang='lat' dir='ltr'><strong>luit</strong></span> <span class='ocrx_word' id='word_1_71' title='bbox 834 1055 915 1115; x_wconf 88' lang='lat' dir='ltr'><strong>mitis</strong></span> <span class='ocrx_word' id='word_1_72' title='bbox 926 1055 1083 1132; x_wconf 89' lang='lat' dir='ltr'><strong>princeps,</strong></span> <span class='ocrx_word' id='word_1_73' title='bbox 1099 1057 1217 1130; x_wconf 88' lang='lat' dir='ltr'><strong>siquis</strong></span> 
     </span>
     <span class='ocr_line' id='line_1_11' title="bbox 236 1138 1217 1214; baseline -0.002 -14"><span class='ocrx_word' id='word_1_74' title='bbox 236 1142 318 1200; x_wconf 93' lang='lat' dir='ltr'><strong>illum</strong></span> <span class='ocrx_word' id='word_1_75' title='bbox 341 1157 359 1200; x_wconf 93' lang='lat' dir='ltr'><strong>a</strong></span> <span class='ocrx_word' id='word_1_76' title='bbox 380 1139 552 1214; x_wconf 88' lang='lat' dir='ltr'><strong>principatu</strong></span> <span class='ocrx_word' id='word_1_77' title='bbox 574 1153 631 1199; x_wconf 89' lang='lat' dir='ltr'><strong>suo</strong></span> <span class='ocrx_word' id='word_1_78' title='bbox 652 1139 815 1199; x_wconf 86' lang='lat' dir='ltr'><strong>aestimare</strong></span> <span class='ocrx_word' id='word_1_79' title='bbox 834 1138 975 1212; x_wconf 82' lang='lat' dir='ltr'><strong>incipiat·</strong></span> <span class='ocrx_word' id='word_1_80' title='bbox 997 1139 1028 1198; x_wconf 90' lang='lat' dir='ltr'><strong>in</strong></span> <span class='ocrx_word' id='word_1_81' title='bbox 1053 1139 1217 1201; x_wconf 89' lang='lat' dir='ltr'><strong>cummuni</strong></span> 
     </span>
     <span class='ocr_line' id='line_1_12' title="bbox 237 1222 1220 1299; baseline -0.003 -16"><span class='ocrx_word' id='word_1_82' title='bbox 237 1224 359 1299; x_wconf 88' lang='lat' dir='ltr'><strong>quidem</strong></span> <span class='ocrx_word' id='word_1_83' title='bbox 377 1223 565 1298; x_wconf 88' lang='lat' dir='ltr'><strong>reipublicae</strong></span> <span class='ocrx_word' id='word_1_84' title='bbox 579 1223 712 1297; x_wconf 77' lang='lat' dir='ltr'><strong>gladium</strong></span> <span class='ocrx_word' id='word_1_85' title='bbox 724 1223 826 1283; x_wconf 83' lang='lat' dir='ltr'><strong>movit.</strong></span> <span class='ocrx_word' id='word_1_86' title='bbox 849 1223 922 1283; x_wconf 82' lang='lat' dir='ltr'><strong>Cum</strong></span> <span class='ocrx_word' id='word_1_87' title='bbox 932 1222 1113 1284; x_wconf 86' lang='lat' dir='ltr'><strong>bocastatis</strong></span> <span class='ocrx_word' id='word_1_88' title='bbox 1126 1230 1220 1282; x_wconf 88' lang='lat' dir='ltr'><strong>esset</strong></span> 
     </span>
    </p>

    <p class='ocr_par' dir='ltr' id='par_1_4' title="bbox 214 1306 1217 1550">
     <span class='ocr_line' id='line_1_13' title="bbox 214 1306 1217 1383; baseline -0.003 -15"><span class='ocrx_word' id='word_1_89' title='bbox 214 1341 217 1346; x_wconf 94' lang='lat'>-</span> <span class='ocrx_word' id='word_1_90' title='bbox 238 1308 322 1383; x_wconf 90' lang='lat' dir='ltr'><strong>quod</strong></span> <span class='ocrx_word' id='word_1_91' title='bbox 336 1314 368 1365; x_wconf 91' lang='lat' dir='ltr'><strong>tu</strong></span> <span class='ocrx_word' id='word_1_92' title='bbox 383 1321 463 1366; x_wconf 90' lang='lat' dir='ltr'><strong>nunc</strong></span> <span class='ocrx_word' id='word_1_93' title='bbox 477 1322 527 1378; x_wconf 88' lang='lat' dir='ltr'><strong>es,</strong></span> <span class='ocrx_word' id='word_1_94' title='bbox 543 1306 826 1367; x_wconf 80' lang='lat' dir='ltr'><strong>duodevicesimam</strong></span> <span class='ocrx_word' id='word_1_95' title='bbox 839 1322 987 1381; x_wconf 76' lang='lat' dir='ltr'><strong>egressm</strong></span> <span class='ocrx_word' id='word_1_96' title='bbox 1001 1322 1134 1378; x_wconf 85' lang='lat' dir='ltr'><strong>annum,</strong></span> <span class='ocrx_word' id='word_1_97' title='bbox 1150 1308 1217 1365; x_wconf 88' lang='lat' dir='ltr'><strong>iam</strong></span> 
     </span>
     <span class='ocr_line' id='line_1_14' title="bbox 236 1389 1214 1467; baseline -0.001 -16"><span class='ocrx_word' id='word_1_98' title='bbox 236 1391 389 1467; x_wconf 81' lang='lat' dir='ltr'><strong>pugiones</strong></span> <span class='ocrx_word' id='word_1_99' title='bbox 412 1393 441 1449; x_wconf 95' lang='lat' dir='ltr'><strong>in</strong></span> <span class='ocrx_word' id='word_1_100' title='bbox 463 1391 563 1450; x_wconf 89' lang='lat' dir='ltr'><strong>sinum</strong></span> <span class='ocrx_word' id='word_1_101' title='bbox 581 1391 749 1450; x_wconf 90' lang='lat' dir='ltr'><strong>amicorum</strong></span> <span class='ocrx_word' id='word_1_102' title='bbox 770 1389 990 1463; x_wconf 88' lang='lat' dir='ltr'><strong>absconderat,</strong></span> <span class='ocrx_word' id='word_1_103' title='bbox 1012 1390 1071 1450; x_wconf 80' lang='lat' dir='ltr'><strong>iun</strong></span> <span class='ocrx_word' id='word_1_104' title='bbox 1087 1390 1214 1450; x_wconf 88' lang='lat' dir='ltr'><strong>insidiis</strong></span> 
     </span>
     <span class='ocr_line' id='line_1_15' title="bbox 236 1473 1217 1550; baseline 0 -16"><span class='ocrx_word' id='word_1_105' title='bbox 236 1475 276 1534; x_wconf 87' lang='lat' dir='ltr'><strong>m.</strong></span> <span class='ocrx_word' id='word_1_106' title='bbox 283 1475 407 1536; x_wconf 83' lang='lat' dir='ltr'><strong>Antonii</strong></span> <span class='ocrx_word' id='word_1_107' title='bbox 422 1475 557 1534; x_wconf 90' lang='lat' dir='ltr'><strong>consulis</strong></span> <span class='ocrx_word' id='word_1_108' title='bbox 572 1475 651 1533; x_wconf 89' lang='lat' dir='ltr'><strong>latus</strong></span> <span class='ocrx_word' id='word_1_109' title='bbox 666 1473 807 1548; x_wconf 87' lang='lat' dir='ltr'><strong>petierat,</strong></span> <span class='ocrx_word' id='word_1_110' title='bbox 824 1474 883 1532; x_wconf 89' lang='lat' dir='ltr'><strong>iam</strong></span> <span class='ocrx_word' id='word_1_111' title='bbox 898 1475 996 1534; x_wconf 87' lang='lat' dir='ltr'><strong>tuerat</strong></span> <span class='ocrx_word' id='word_1_112' title='bbox 1006 1476 1125 1549; x_wconf 87' lang='lat' dir='ltr'><strong>collega</strong></span> <span class='ocrx_word' id='word_1_113' title='bbox 1137 1491 1217 1550; x_wconf 91' lang='lat' dir='ltr'><strong>pro·</strong></span> 
     </span>
    </p>

    <p class='ocr_par' dir='ltr' id='par_1_5' title="bbox 207 1546 1258 1798">
     <span class='ocr_line' id='line_1_16' title="bbox 207 1556 1215 1633; baseline 0.001 -16"><span class='ocrx_word' id='word_1_114' title='bbox 207 1557 421 1633; x_wconf 83' lang='lat' dir='ltr'><strong>ascriptionis.</strong></span> <span class='ocrx_word' id='word_1_115' title='bbox 456 1556 518 1616; x_wconf 83' lang='lat' dir='ltr'><strong>Sed</strong></span> <span class='ocrx_word' id='word_1_116' title='bbox 537 1571 604 1616; x_wconf 93' lang='lat' dir='ltr'><strong>cum</strong></span> <span class='ocrx_word' id='word_1_117' title='bbox 626 1573 738 1617; x_wconf 91' lang='lat' dir='ltr'><strong>annum</strong></span> <span class='ocrx_word' id='word_1_118' title='bbox 760 1556 1027 1632; x_wconf 84' lang='lat' dir='ltr'><strong>quadragesimum</strong></span> <span class='ocrx_word' id='word_1_119' title='bbox 1047 1559 1215 1618; x_wconf 74' lang='lat' dir='ltr'><strong>transisset</strong></span> 
     </span>
     <span class='ocr_line' id='line_1_17' title="bbox 237 1640 1213 1711; baseline -0.001 -9"><span class='ocrx_word' id='word_1_120' title='bbox 237 1649 267 1702; x_wconf 88' lang='lat' dir='ltr'><strong>et</strong></span> <span class='ocrx_word' id='word_1_121' title='bbox 287 1643 316 1700; x_wconf 93' lang='lat' dir='ltr'><strong>in</strong></span> <span class='ocrx_word' id='word_1_122' title='bbox 332 1641 429 1700; x_wconf 92' lang='lat' dir='ltr'><strong>Gallia</strong></span> <span class='ocrx_word' id='word_1_123' title='bbox 448 1648 630 1711; x_wconf 90' lang='lat' dir='ltr'><strong>moraretur,</strong></span> <span class='ocrx_word' id='word_1_124' title='bbox 651 1640 783 1700; x_wconf 88' lang='lat' dir='ltr'><strong>delatum</strong></span> <span class='ocrx_word' id='word_1_125' title='bbox 806 1641 911 1700; x_wconf 91' lang='lat' dir='ltr'><strong>estad</strong></span> <span class='ocrx_word' id='word_1_126' title='bbox 931 1655 1000 1700; x_wconf 87' lang='lat' dir='ltr'><strong>eum</strong></span> <span class='ocrx_word' id='word_1_127' title='bbox 1014 1641 1161 1701; x_wconf 88' lang='lat' dir='ltr'><strong>indicium</strong></span> <span class='ocrx_word' id='word_1_128' title='bbox 1174 1643 1213 1701; x_wconf 89' lang='lat' dir='ltr'><strong>L.</strong></span> 
     </span>
     <span class='ocr_line' id='line_1_18' title="bbox 238 1723 1212 1798; baseline 0.001 -15"><span class='ocrx_word' id='word_1_129' title='bbox 238 1725 377 1794; x_wconf 83' lang='lat' dir='ltr'><strong>Cinnam,</strong></span> <span class='ocrx_word' id='word_1_130' title='bbox 398 1724 482 1784; x_wconf 85' lang='lat' dir='ltr'><strong>solidi</strong></span> <span class='ocrx_word' id='word_1_131' title='bbox 502 1723 614 1798; x_wconf 90' lang='lat' dir='ltr'><strong>ingenii</strong></span> <span class='ocrx_word' id='word_1_132' title='bbox 628 1723 741 1796; x_wconf 88' lang='lat' dir='ltr'><strong>virum,</strong></span> <span class='ocrx_word' id='word_1_133' title='bbox 763 1724 931 1784; x_wconf 90' lang='lat' dir='ltr'><strong>insidiasei</strong></span> <span class='ocrx_word' id='word_1_134' title='bbox 945 1731 1072 1787; x_wconf 89' lang='lat' dir='ltr'><strong>struere.</strong></span> <span class='ocrx_word' id='word_1_135' title='bbox 1093 1725 1212 1786; x_wconf 89' lang='lat' dir='ltr'><strong>dictum</strong></span> 
     </span>
    </p>
   </div>
   <div class='ocr_carea' id='block_1_3' title="bbox 181 1805 1259 3549">
    <p class='ocr_par' dir='ltr' id='par_1_6' title="bbox 181 1805 1259 3549">
     <span class='ocr_line' id='line_1_19' title="bbox 237 1805 1212 1882; baseline 0 -14"><span class='ocrx_word' id='word_1_136' title='bbox 237 1815 285 1868; x_wconf 91' lang='lat' dir='ltr'><strong>est</strong></span> <span class='ocrx_word' id='word_1_137' title='bbox 306 1815 336 1867; x_wconf 88' lang='lat' dir='ltr'><strong>el</strong></span> <span class='ocrx_word' id='word_1_138' title='bbox 355 1805 407 1866; x_wconf 91' lang='lat' dir='ltr'><strong>ubi</strong></span> <span class='ocrx_word' id='word_1_139' title='bbox 428 1813 458 1866; x_wconf 88' lang='lat' dir='ltr'><strong>et</strong></span> <span class='ocrx_word' id='word_1_140' title='bbox 479 1809 603 1882; x_wconf 86' lang='lat' dir='ltr'><strong>quando</strong></span> <span class='ocrx_word' id='word_1_141' title='bbox 624 1815 654 1866; x_wconf 89' lang='lat' dir='ltr'><strong>et</strong></span> <span class='ocrx_word' id='word_1_142' title='bbox 672 1807 931 1882; x_wconf 77' lang='lat' dir='ltr'><strong>quenadmodum</strong></span> <span class='ocrx_word' id='word_1_143' title='bbox 957 1807 1085 1882; x_wconf 80' lang='lat' dir='ltr'><strong>adgredi</strong></span> <span class='ocrx_word' id='word_1_144' title='bbox 1106 1810 1212 1868; x_wconf 80' lang='lat' dir='ltr'><strong>vellet.</strong></span> 
     </span>
     <span class='ocr_line' id='line_1_20' title="bbox 207 1890 1259 1990; baseline 0 -38"><span class='ocrx_word' id='word_1_145' title='bbox 207 1899 315 1953; x_wconf 74' lang='lat' dir='ltr'><strong>annus</strong></span> <span class='ocrx_word' id='word_1_146' title='bbox 338 1905 378 1950; x_wconf 84' lang='lat' dir='ltr'><strong>ex</strong></span> <span class='ocrx_word' id='word_1_147' title='bbox 398 1890 531 1952; x_wconf 91' lang='lat' dir='ltr'><strong>consciis</strong></span> <span class='ocrx_word' id='word_1_148' title='bbox 554 1891 717 1950; x_wconf 81' lang='lat' dir='ltr'><strong>deferebat.</strong></span> <span class='ocrx_word' id='word_1_149' title='bbox 756 1891 916 1952; x_wconf 86' lang='lat' dir='ltr'><strong>Constituit</strong></span> <span class='ocrx_word' id='word_1_150' title='bbox 934 1907 969 1951; x_wconf 88' lang='lat' dir='ltr'><strong>se</strong></span> <span class='ocrx_word' id='word_1_151' title='bbox 991 1891 1030 1950; x_wconf 90' lang='lat' dir='ltr'><strong>ab</strong></span> <span class='ocrx_word' id='word_1_152' title='bbox 1056 1909 1094 1952; x_wconf 89' lang='lat' dir='ltr'><strong>co</strong></span> <span class='ocrx_word' id='word_1_153' title='bbox 1110 1893 1211 1952; x_wconf 84' lang='lat' dir='ltr'><strong>uindi-</strong></span> <span class='ocrx_word' id='word_1_154' title='bbox 1258 1952 1259 1990; x_wconf 27' lang='grc'>1</span> 
     </span>
     <span class='ocr_line' id='line_1_21' title="bbox 238 1974 1259 2056; baseline -0.001 -21"><span class='ocrx_word' id='word_1_155' title='bbox 238 1991 317 2035; x_wconf 88' lang='lat' dir='ltr'><strong>care.</strong></span> <span class='ocrx_word' id='word_1_156' title='bbox 354 1974 515 2034; x_wconf 89' lang='lat' dir='ltr'><strong>consilium</strong></span> <span class='ocrx_word' id='word_1_157' title='bbox 537 1975 700 2034; x_wconf 84' lang='lat' dir='ltr'><strong>amicorum</strong></span> <span class='ocrx_word' id='word_1_158' title='bbox 719 1975 866 2034; x_wconf 87' lang='lat' dir='ltr'><strong>advocari</strong></span> <span class='ocrx_word' id='word_1_159' title='bbox 885 1975 982 2036; x_wconf 91' lang='lat' dir='ltr'><strong>iussit.</strong></span> <span class='ocrx_word' id='word_1_160' title='bbox 1019 1993 1082 2036; x_wconf 87' lang='lat' dir='ltr'><strong>nox</strong></span> <span class='ocrx_word' id='word_1_161' title='bbox 1099 1975 1142 2036; x_wconf 91' lang='lat' dir='ltr'><strong>illi</strong></span> <span class='ocrx_word' id='word_1_162' title='bbox 1163 1978 1211 2034; x_wconf 91' lang='lat' dir='ltr'><strong>in·</strong></span> <span class='ocrx_word' id='word_1_163' title='bbox 1258 1993 1259 2056; x_wconf 35' lang='grc' dir='ltr'>ζ</span> 
     </span>
     <span class='ocr_line' id='line_1_22' title="bbox 238 2056 1213 2132; baseline 0 -14"><span class='ocrx_word' id='word_1_164' title='bbox 238 2059 339 2132; x_wconf 81' lang='lat' dir='ltr'><strong>quieta</strong></span> <span class='ocrx_word' id='word_1_165' title='bbox 358 2065 436 2131; x_wconf 89' lang='lat' dir='ltr'><strong>erat,</strong></span> <span class='ocrx_word' id='word_1_166' title='bbox 460 2074 528 2118; x_wconf 93' lang='lat' dir='ltr'><strong>cum</strong></span> <span class='ocrx_word' id='word_1_167' title='bbox 554 2056 701 2130; x_wconf 74' lang='lat' dir='ltr'><strong>cogitaret</strong></span> <span class='ocrx_word' id='word_1_168' title='bbox 724 2058 952 2119; x_wconf 83' lang='lat' dir='ltr'><strong>adulescentem</strong></span> <span class='ocrx_word' id='word_1_169' title='bbox 977 2059 1124 2130; x_wconf 90' lang='lat' dir='ltr'><strong>nubilem,</strong></span> <span class='ocrx_word' id='word_1_170' title='bbox 1148 2060 1213 2119; x_wconf 91' lang='lat' dir='ltr'><strong>hoc</strong></span> 
     </span>
     <span class='ocr_line' id='line_1_23' title="bbox 238 2141 1211 2216; baseline -0.003 -16"><span class='ocrx_word' id='word_1_171' title='bbox 238 2143 373 2200; x_wconf 90' lang='lat' dir='ltr'><strong>detracto</strong></span> <span class='ocrx_word' id='word_1_172' title='bbox 390 2143 555 2214; x_wconf 85' lang='lat' dir='ltr'><strong>integrum,</strong></span> <span class='ocrx_word' id='word_1_173' title='bbox 579 2141 631 2200; x_wconf 84' lang='lat' dir='ltr'><strong>Cn.</strong></span> <span class='ocrx_word' id='word_1_174' title='bbox 649 2141 785 2215; x_wconf 86' lang='lat' dir='ltr'><strong>Pompeii</strong></span> <span class='ocrx_word' id='word_1_175' title='bbox 806 2150 963 2216; x_wconf 88' lang='lat' dir='ltr'><strong>nepotem,</strong></span> <span class='ocrx_word' id='word_1_176' title='bbox 984 2142 1211 2202; x_wconf 79' lang='lat' dir='ltr'><strong>damnandum:</strong></span> 
     </span>
     <span class='ocr_line' id='line_1_24' title="bbox 238 2223 1211 2298; baseline 0.003 -17"><span class='ocrx_word' id='word_1_177' title='bbox 238 2223 297 2281; x_wconf 92' lang='lat' dir='ltr'><strong>iam</strong></span> <span class='ocrx_word' id='word_1_178' title='bbox 313 2239 403 2280; x_wconf 90' lang='lat' dir='ltr'><strong>unum</strong></span> <span class='ocrx_word' id='word_1_179' title='bbox 417 2223 569 2282; x_wconf 91' lang='lat' dir='ltr'><strong>hominem</strong></span> <span class='ocrx_word' id='word_1_180' title='bbox 590 2225 733 2284; x_wconf 87' lang='lat' dir='ltr'><strong>occidere</strong></span> <span class='ocrx_word' id='word_1_181' title='bbox 754 2239 815 2283; x_wconf 90' lang='lat' dir='ltr'><strong>non</strong></span> <span class='ocrx_word' id='word_1_182' title='bbox 838 2232 969 2298; x_wconf 85' lang='lat' dir='ltr'><strong>potarat,</strong></span> <span class='ocrx_word' id='word_1_183' title='bbox 998 2241 1067 2284; x_wconf 93' lang='lat' dir='ltr'><strong>cum</strong></span> <span class='ocrx_word' id='word_1_184' title='bbox 1087 2225 1128 2282; x_wconf 89' lang='lat' dir='ltr'><strong>M.</strong></span> <span class='ocrx_word' id='word_1_185' title='bbox 1143 2228 1211 2284; x_wconf 86' lang='lat' dir='ltr'><strong>An-</strong></span> 
     </span>
     <span class='ocr_line' id='line_1_25' title="bbox 206 2304 1211 2378; baseline 0.003 -14"><span class='ocrx_word' id='word_1_186' title='bbox 206 2306 320 2372; x_wconf 80' lang='lat' dir='ltr'><strong>4tonio</strong></span> <span class='ocrx_word' id='word_1_187' title='bbox 336 2304 569 2378; x_wconf 88' lang='lat' dir='ltr'><strong>proscriptionis</strong></span> <span class='ocrx_word' id='word_1_188' title='bbox 591 2307 723 2366; x_wconf 91' lang='lat' dir='ltr'><strong>edictum</strong></span> <span class='ocrx_word' id='word_1_189' title='bbox 744 2308 820 2366; x_wconf 88' lang='lat' dir='ltr'><strong>inter</strong></span> <span class='ocrx_word' id='word_1_190' title='bbox 835 2323 962 2367; x_wconf 89' lang='lat' dir='ltr'><strong>coenam</strong></span> <span class='ocrx_word' id='word_1_191' title='bbox 982 2308 1119 2367; x_wconf 87' lang='lat' dir='ltr'><strong>dictaret.</strong></span> <span class='ocrx_word' id='word_1_192' title='bbox 1150 2310 1211 2367; x_wconf 92' lang='lat' dir='ltr'><strong>Ge-</strong></span> 
     </span>
     <span class='ocr_line' id='line_1_26' title="bbox 237 2388 1211 2465; baseline 0.004 -19"><span class='ocrx_word' id='word_1_193' title='bbox 237 2403 324 2448; x_wconf 87' lang='lat' dir='ltr'><strong>mens</strong></span> <span class='ocrx_word' id='word_1_194' title='bbox 339 2388 468 2447; x_wconf 90' lang='lat' dir='ltr'><strong>subinde</strong></span> <span class='ocrx_word' id='word_1_195' title='bbox 483 2403 578 2448; x_wconf 89' lang='lat' dir='ltr'><strong>voces</strong></span> <span class='ocrx_word' id='word_1_196' title='bbox 594 2390 747 2450; x_wconf 85' lang='lat' dir='ltr'><strong>emittebat</strong></span> <span class='ocrx_word' id='word_1_197' title='bbox 769 2391 867 2450; x_wconf 89' lang='lat' dir='ltr'><strong>varias</strong></span> <span class='ocrx_word' id='word_1_198' title='bbox 888 2399 919 2450; x_wconf 92' lang='lat' dir='ltr'><strong>et</strong></span> <span class='ocrx_word' id='word_1_199' title='bbox 938 2392 1015 2450; x_wconf 91' lang='lat' dir='ltr'><strong>inter</strong></span> <span class='ocrx_word' id='word_1_200' title='bbox 1033 2407 1068 2450; x_wconf 91' lang='lat' dir='ltr'><strong>se</strong></span> <span class='ocrx_word' id='word_1_201' title='bbox 1087 2400 1211 2465; x_wconf 75' lang='lat' dir='ltr'><strong>conua-</strong></span> 
     </span>
     <span class='ocr_line' id='line_1_27' title="bbox 181 2469 1212 2548; baseline 0.005 -18"><span class='ocrx_word' id='word_1_202' title='bbox 181 2525 183 2529; x_wconf 85' lang='lat'><em>.</em></span> <span class='ocrx_word' id='word_1_203' title='bbox 236 2474 309 2532; x_wconf 91' lang='lat' dir='ltr'><strong>rias.</strong></span> <span class='ocrx_word' id='word_1_204' title='bbox 346 2471 426 2544; x_wconf 65' lang='lat' dir='ltr'><strong>Quid</strong></span> <span class='ocrx_word' id='word_1_205' title='bbox 437 2469 530 2546; x_wconf 72' lang='lat' dir='ltr'><strong>erpo?</strong></span> <span class='ocrx_word' id='word_1_206' title='bbox 553 2489 607 2546; x_wconf 75' lang='lat' dir='ltr'><strong>epu</strong></span> <span class='ocrx_word' id='word_1_207' title='bbox 615 2489 822 2548; x_wconf 67' lang='lat' dir='ltr'><strong>percussorem</strong></span> <span class='ocrx_word' id='word_1_208' title='bbox 837 2491 933 2534; x_wconf 84' lang='lat' dir='ltr'><strong>meum</strong></span> <span class='ocrx_word' id='word_1_209' title='bbox 946 2491 1083 2535; x_wconf 83' lang='lat' dir='ltr'><strong>securum</strong></span> <span class='ocrx_word' id='word_1_210' title='bbox 1098 2476 1212 2535; x_wconf 81' lang='lat' dir='ltr'><strong>ambu-</strong></span> 
     </span>
     <span class='ocr_line' id='line_1_28' title="bbox 236 2553 1212 2634; baseline 0.002 -18"><span class='ocrx_word' id='word_1_211' title='bbox 236 2560 303 2616; x_wconf 83' lang='lat' dir='ltr'><strong>lare</strong></span> <span class='ocrx_word' id='word_1_212' title='bbox 311 2558 417 2631; x_wconf 76' lang='lat' dir='ltr'><strong>potiar</strong></span> <span class='ocrx_word' id='word_1_213' title='bbox 429 2572 475 2615; x_wconf 85' lang='lat' dir='ltr'><strong>me</strong></span> <span class='ocrx_word' id='word_1_214' title='bbox 487 2553 631 2616; x_wconf 79' lang='lat' dir='ltr'><strong>sollicito?</strong></span> <span class='ocrx_word' id='word_1_215' title='bbox 650 2558 732 2631; x_wconf 71' lang='lat' dir='ltr'><strong>Ergo</strong></span> <span class='ocrx_word' id='word_1_216' title='bbox 744 2573 802 2617; x_wconf 83' lang='lat' dir='ltr'><strong>noa</strong></span> <span class='ocrx_word' id='word_1_217' title='bbox 818 2559 901 2618; x_wconf 82' lang='lat' dir='ltr'><strong>dubit</strong></span> <span class='ocrx_word' id='word_1_218' title='bbox 907 2553 1029 2634; x_wconf 71' lang='lat' dir='ltr'><strong>memus,</strong></span> <span class='ocrx_word' id='word_1_219' title='bbox 1043 2561 1095 2633; x_wconf 80' lang='lat' dir='ltr'><strong>qul</strong></span> <span class='ocrx_word' id='word_1_220' title='bbox 1106 2565 1147 2618; x_wconf 85' lang='lat' dir='ltr'><strong>tol</strong></span> <span class='ocrx_word' id='word_1_221' title='bbox 1159 2562 1212 2618; x_wconf 82' lang='lat' dir='ltr'><strong>ci-</strong></span> 
     </span>
     <span class='ocr_line' id='line_1_29' title="bbox 236 2639 1212 2717; baseline 0.004 -19"><span class='ocrx_word' id='word_1_222' title='bbox 236 2639 340 2698; x_wconf 69' lang='lat' dir='ltr'><strong>uilibus</strong></span> <span class='ocrx_word' id='word_1_223' title='bbox 354 2640 436 2698; x_wconf 78' lang='lat' dir='ltr'><strong>bellis</strong></span> <span class='ocrx_word' id='word_1_224' title='bbox 447 2640 568 2711; x_wconf 80' lang='lat' dir='ltr'><strong>frustra</strong></span> <span class='ocrx_word' id='word_1_225' title='bbox 577 2643 701 2714; x_wconf 76' lang='lat' dir='ltr'><strong>petitum</strong></span> <span class='ocrx_word' id='word_1_226' title='bbox 722 2647 826 2716; x_wconf 81' lang='lat' dir='ltr'><strong>caput,</strong></span> <span class='ocrx_word' id='word_1_227' title='bbox 848 2648 890 2701; x_wconf 83' lang='lat' dir='ltr'><strong>tol</strong></span> <span class='ocrx_word' id='word_1_228' title='bbox 908 2641 1077 2714; x_wconf 63' lang='lat' dir='ltr'><strong>anomalus,</strong></span> <span class='ocrx_word' id='word_1_229' title='bbox 1098 2649 1139 2702; x_wconf 83' lang='lat' dir='ltr'><strong>tot</strong></span> <span class='ocrx_word' id='word_1_230' title='bbox 1145 2659 1212 2717; x_wconf 81' lang='lat' dir='ltr'><strong>pe-</strong></span> 
     </span>
     <span class='ocr_line' id='line_1_30' title="bbox 237 2723 1213 2801; baseline 0.002 -19"><span class='ocrx_word' id='word_1_231' title='bbox 237 2723 381 2782; x_wconf 82' lang='lat' dir='ltr'><strong>destribus</strong></span> <span class='ocrx_word' id='word_1_232' title='bbox 389 2726 514 2797; x_wconf 79' lang='lat' dir='ltr'><strong>proellis</strong></span> <span class='ocrx_word' id='word_1_233' title='bbox 528 2725 685 2796; x_wconf 77' lang='lat' dir='ltr'><strong>incolume,</strong></span> <span class='ocrx_word' id='word_1_234' title='bbox 708 2731 867 2799; x_wconf 82' lang='lat' dir='ltr'><strong>postquam</strong></span> <span class='ocrx_word' id='word_1_235' title='bbox 887 2732 971 2785; x_wconf 82' lang='lat' dir='ltr'><strong>terro</strong></span> <span class='ocrx_word' id='word_1_236' title='bbox 990 2729 1126 2800; x_wconf 81' lang='lat' dir='ltr'><strong>murique</strong></span> <span class='ocrx_word' id='word_1_237' title='bbox 1137 2743 1213 2801; x_wconf 81' lang='lat' dir='ltr'><strong>pax</strong></span> 
     </span>
     <span class='ocr_line' id='line_1_31' title="bbox 232 2807 1212 2880; baseline 0.003 -16"><span class='ocrx_word' id='word_1_238' title='bbox 232 2812 347 2880; x_wconf 82' lang='lat' dir='ltr'><strong>paratu</strong></span> <span class='ocrx_word' id='word_1_239' title='bbox 369 2812 426 2879; x_wconf 81' lang='lat' dir='ltr'><strong>est,</strong></span> <span class='ocrx_word' id='word_1_240' title='bbox 450 2823 509 2866; x_wconf 82' lang='lat' dir='ltr'><strong>aon</strong></span> <span class='ocrx_word' id='word_1_241' title='bbox 524 2807 659 2867; x_wconf 75' lang='lat' dir='ltr'><strong>occidam</strong></span> <span class='ocrx_word' id='word_1_242' title='bbox 677 2811 846 2880; x_wconf 77' lang='lat' dir='ltr'><strong>constituat,</strong></span> <span class='ocrx_word' id='word_1_243' title='bbox 871 2810 926 2868; x_wconf 80' lang='lat' dir='ltr'><strong>sed</strong></span> <span class='ocrx_word' id='word_1_244' title='bbox 943 2807 1109 2869; x_wconf 79' lang='lat' dir='ltr'><strong>immolare?</strong></span> <span class='ocrx_word' id='word_1_245' title='bbox 1138 2825 1212 2867; x_wconf 93' lang='lat' dir='ltr'><strong>nam</strong></span> 
     </span>
     <span class='ocr_line' id='line_1_32' title="bbox 207 2887 1211 2966; baseline 0.007 -22"><span class='ocrx_word' id='word_1_246' title='bbox 207 2887 459 2948; x_wconf 80' lang='lat' dir='ltr'><strong>asacritlcantcm</strong></span> <span class='ocrx_word' id='word_1_247' title='bbox 477 2891 631 2962; x_wconf 87' lang='lat' dir='ltr'><strong>placuerat</strong></span> <span class='ocrx_word' id='word_1_248' title='bbox 645 2891 767 2949; x_wconf 89' lang='lat' dir='ltr'><strong>adoriri.</strong></span> <span class='ocrx_word' id='word_1_249' title='bbox 799 2891 920 2951; x_wconf 91' lang='lat' dir='ltr'><strong>Rursus</strong></span> <span class='ocrx_word' id='word_1_250' title='bbox 936 2891 1057 2952; x_wconf 89' lang='lat' dir='ltr'><strong>silentio</strong></span> <span class='ocrx_word' id='word_1_251' title='bbox 1072 2893 1211 2966; x_wconf 90' lang='lat' dir='ltr'><strong>interpo-</strong></span> 
     </span>
     <span class='ocr_line' id='line_1_33' title="bbox 237 2973 1211 3049; baseline 0.001 -19"><span class='ocrx_word' id='word_1_252' title='bbox 237 2973 295 3031; x_wconf 91' lang='lat' dir='ltr'><strong>sito</strong></span> <span class='ocrx_word' id='word_1_253' title='bbox 321 2973 436 3031; x_wconf 88' lang='lat' dir='ltr'><strong>maiore</strong></span> <span class='ocrx_word' id='word_1_254' title='bbox 461 2973 566 3032; x_wconf 91' lang='lat' dir='ltr'><strong>multo·</strong></span> <span class='ocrx_word' id='word_1_255' title='bbox 581 2989 659 3033; x_wconf 89' lang='lat' dir='ltr'><strong>voce</strong></span> <span class='ocrx_word' id='word_1_256' title='bbox 684 2974 742 3032; x_wconf 91' lang='lat' dir='ltr'><strong>sibi</strong></span> <span class='ocrx_word' id='word_1_257' title='bbox 764 2989 854 3049; x_wconf 86' lang='lat' dir='ltr'><strong>quam</strong></span> <span class='ocrx_word' id='word_1_258' title='bbox 870 2975 982 3034; x_wconf 84' lang='lat' dir='ltr'><strong>Cinnae</strong></span> <span class='ocrx_word' id='word_1_259' title='bbox 1002 2975 1211 3035; x_wconf 75' lang='lat' dir='ltr'><strong>irascebatur:</strong></span> 
     </span>
     <span class='ocr_line' id='line_1_34' title="bbox 236 3055 1212 3132; baseline 0.006 -20"><span class='ocrx_word' id='word_1_260' title='bbox 236 3055 316 3124; x_wconf 80' lang='lat' dir='ltr'><strong>Quid</strong></span> <span class='ocrx_word' id='word_1_261' title='bbox 333 3059 418 3128; x_wconf 82' lang='lat' dir='ltr'><strong>uluis,</strong></span> <span class='ocrx_word' id='word_1_262' title='bbox 439 3059 467 3114; x_wconf 80' lang='lat' dir='ltr'><strong>si</strong></span> <span class='ocrx_word' id='word_1_263' title='bbox 478 3058 584 3130; x_wconf 81' lang='lat' dir='ltr'><strong>perire</strong></span> <span class='ocrx_word' id='word_1_264' title='bbox 604 3063 631 3116; x_wconf 81' lang='lat' dir='ltr'><strong>te</strong></span> <span class='ocrx_word' id='word_1_265' title='bbox 644 3065 704 3116; x_wconf 85' lang='lat' dir='ltr'><strong>lum</strong></span> <span class='ocrx_word' id='word_1_266' title='bbox 718 3061 875 3118; x_wconf 84' lang='lat' dir='ltr'><strong>multorum</strong></span> <span class='ocrx_word' id='word_1_267' title='bbox 894 3055 1036 3118; x_wconf 77' lang='lat' dir='ltr'><strong>interest?</strong></span> <span class='ocrx_word' id='word_1_268' title='bbox 1056 3061 1122 3132; x_wconf 79' lang='lat' dir='ltr'><strong>qais</strong></span> <span class='ocrx_word' id='word_1_269' title='bbox 1138 3062 1212 3132; x_wconf 77' lang='lat' dir='ltr'><strong>finis</strong></span> 
     </span>
     <span class='ocr_line' id='line_1_35' title="bbox 235 3137 1211 3216; baseline 0.005 -20"><span class='ocrx_word' id='word_1_270' title='bbox 235 3141 293 3196; x_wconf 82' lang='lat' dir='ltr'><strong>erit</strong></span> <span class='ocrx_word' id='word_1_271' title='bbox 304 3137 538 3214; x_wconf 80' lang='lat' dir='ltr'><strong>suppliciorum?</strong></span> <span class='ocrx_word' id='word_1_272' title='bbox 556 3143 621 3214; x_wconf 79' lang='lat' dir='ltr'><strong>quis</strong></span> <span class='ocrx_word' id='word_1_273' title='bbox 634 3137 810 3214; x_wconf 68' lang='lat' dir='ltr'><strong>sanguinis?</strong></span> <span class='ocrx_word' id='word_1_274' title='bbox 823 3157 877 3216; x_wconf 77' lang='lat' dir='ltr'><strong>epo</strong></span> <span class='ocrx_word' id='word_1_275' title='bbox 890 3159 955 3202; x_wconf 87' lang='lat' dir='ltr'><strong>sum</strong></span> <span class='ocrx_word' id='word_1_276' title='bbox 969 3143 1113 3202; x_wconf 76' lang='lat' dir='ltr'><strong>nobilibus</strong></span> <span class='ocrx_word' id='word_1_277' title='bbox 1126 3143 1211 3201; x_wconf 83' lang='lat' dir='ltr'><strong>udu-</strong></span> 
     </span>
     <span class='ocr_line' id='line_1_36' title="bbox 235 3222 1210 3298; baseline 0.007 -22"><span class='ocrx_word' id='word_1_278' title='bbox 235 3222 400 3280; x_wconf 81' lang='lat' dir='ltr'><strong>lcscemtults</strong></span> <span class='ocrx_word' id='word_1_279' title='bbox 412 3225 575 3295; x_wconf 76' lang='lat' dir='ltr'><strong>expositum</strong></span> <span class='ocrx_word' id='word_1_280' title='bbox 586 3231 691 3298; x_wconf 85' lang='lat' dir='ltr'><strong>caput,</strong></span> <span class='ocrx_word' id='word_1_281' title='bbox 707 3227 738 3282; x_wconf 80' lang='lat' dir='ltr'><strong>lm</strong></span> <span class='ocrx_word' id='word_1_282' title='bbox 751 3227 831 3298; x_wconf 78' lang='lat' dir='ltr'><strong>quod</strong></span> <span class='ocrx_word' id='word_1_283' title='bbox 839 3241 993 3285; x_wconf 72' lang='lat' dir='ltr'><strong>mucrones</strong></span> <span class='ocrx_word' id='word_1_284' title='bbox 1005 3234 1126 3285; x_wconf 78' lang='lat' dir='ltr'><strong>amant</strong></span> <span class='ocrx_word' id='word_1_285' title='bbox 1150 3242 1210 3284; x_wconf 84' lang='lat' dir='ltr'><strong>non</strong></span> 
     </span>
     <span class='ocr_line' id='line_1_37' title="bbox 235 3305 1210 3384; baseline 0.007 -25"><span class='ocrx_word' id='word_1_286' title='bbox 235 3307 279 3359; x_wconf 85' lang='lat' dir='ltr'><strong>est</strong></span> <span class='ocrx_word' id='word_1_287' title='bbox 293 3305 369 3359; x_wconf 81' lang='lat' dir='ltr'><strong>tamti</strong></span> <span class='ocrx_word' id='word_1_288' title='bbox 377 3307 450 3372; x_wconf 83' lang='lat' dir='ltr'><strong>ulta,</strong></span> <span class='ocrx_word' id='word_1_289' title='bbox 463 3307 501 3375; x_wconf 83' lang='lat' dir='ltr'><strong>sl,</strong></span> <span class='ocrx_word' id='word_1_290' title='bbox 517 3311 551 3363; x_wconf 84' lang='lat' dir='ltr'><strong>at</strong></span> <span class='ocrx_word' id='word_1_291' title='bbox 569 3322 623 3378; x_wconf 71' lang='lat' dir='ltr'><strong>epo</strong></span> <span class='ocrx_word' id='word_1_292' title='bbox 639 3323 699 3364; x_wconf 83' lang='lat' dir='ltr'><strong>mou</strong></span> <span class='ocrx_word' id='word_1_293' title='bbox 716 3323 854 3380; x_wconf 83' lang='lat' dir='ltr'><strong>peream,</strong></span> <span class='ocrx_word' id='word_1_294' title='bbox 869 3317 929 3367; x_wconf 86' lang='lat' dir='ltr'><strong>tum</strong></span> <span class='ocrx_word' id='word_1_295' title='bbox 945 3311 1038 3368; x_wconf 82' lang='lat' dir='ltr'><strong>multa</strong></span> <span class='ocrx_word' id='word_1_296' title='bbox 1048 3310 1210 3384; x_wconf 73' lang='lat' dir='ltr'><strong>perdenda</strong></span> 
     </span>
     <span class='ocr_line' id='line_1_38' title="bbox 203 3381 1210 3461; baseline 0.012 -23"><span class='ocrx_word' id='word_1_297' title='bbox 203 3386 221 3438; x_wconf 84' lang='grc'><strong>6</strong></span> <span class='ocrx_word' id='word_1_298' title='bbox 235 3387 310 3441; x_wconf 82' lang='lat' dir='ltr'><strong>sant.</strong></span> <span class='ocrx_word' id='word_1_299' title='bbox 339 3381 544 3454; x_wconf 85' lang='lat' dir='ltr'><strong>Interpellavit</strong></span> <span class='ocrx_word' id='word_1_300' title='bbox 558 3388 679 3446; x_wconf 90' lang='lat' dir='ltr'><strong>tandem</strong></span> <span class='ocrx_word' id='word_1_301' title='bbox 700 3387 782 3448; x_wconf 91' lang='lat' dir='ltr'><strong>illum</strong></span> <span class='ocrx_word' id='word_1_302' title='bbox 797 3390 882 3448; x_wconf 89' lang='lat' dir='ltr'><strong>Livia</strong></span> <span class='ocrx_word' id='word_1_303' title='bbox 900 3407 979 3449; x_wconf 87' lang='lat' dir='ltr'><strong>uxor</strong></span> <span class='ocrx_word' id='word_1_304' title='bbox 994 3399 1039 3449; x_wconf 88' lang='lat' dir='ltr'><strong>ct:</strong></span> <span class='ocrx_word' id='word_1_305' title='bbox 1067 3392 1210 3461; x_wconf 78' lang='lat' dir='ltr'><strong>admittis,</strong></span> 
     </span>
     <span class='ocr_line' id='line_1_39' title="bbox 235 3463 1214 3549; baseline 0.013 -27"><span class='ocrx_word' id='word_1_306' title='bbox 235 3463 346 3537; x_wconf 89' lang='lat' dir='ltr'><strong>inquit,</strong></span> <span class='ocrx_word' id='word_1_307' title='bbox 364 3467 505 3524; x_wconf 80' lang='lat' dir='ltr'><strong>muliebre</strong></span> <span class='ocrx_word' id='word_1_308' title='bbox 523 3467 698 3528; x_wconf 80' lang='lat' dir='ltr'><strong>consillum?</strong></span> <span class='ocrx_word' id='word_1_309' title='bbox 724 3473 788 3532; x_wconf 86' lang='lat' dir='ltr'><strong>Fac</strong></span> <span class='ocrx_word' id='word_1_310' title='bbox 805 3473 885 3546; x_wconf 82' lang='lat' dir='ltr'><strong>quod</strong></span> <span class='ocrx_word' id='word_1_311' title='bbox 898 3475 1007 3533; x_wconf 76' lang='lat' dir='ltr'><strong>medici</strong></span> <span class='ocrx_word' id='word_1_312' title='bbox 1024 3477 1133 3547; x_wconf 84' lang='lat' dir='ltr'><strong>solent,</strong></span> <span class='ocrx_word' id='word_1_313' title='bbox 1159 3478 1214 3549; x_wconf 78' lang='lat' dir='ltr'><strong>qui</strong></span> 
     </span>
    </p>
   </div>
   <div class='ocr_carea' id='block_1_4' title="bbox 0 0 1278 3890">
    <p class='ocr_par' dir='ltr' id='par_1_7' title="bbox 0 0 1278 3890">
     <span class='ocr_line' id='line_1_40' title="bbox 0 0 1278 3890; baseline 0 0"><span class='ocrx_word' id='word_1_314' title='bbox 0 0 1278 3890; x_wconf 95' lang='lat' dir='ltr'><strong> </strong></span> 
     </span>
    </p>
   </div>
  </div>
 </body>
</html>
