2522 3906
96 285 377 346 CONTUMELIAM
391 287 581 348 ACCIPERE
597 288 823 349 SAPIENTEM.
837 291 877 350 lx
887 291 993 350 -xll
1015 287 1056 353 27

75 439 196 513 quidem
210 455 268 498 nec
284 440 435 500 adversus
451 455 487 499 ea
503 441 593 501 solita
607 439 658 500 illa
672 442 781 502 virtute
801 443 893 502 utitur
914 444 991 504 dura
1011 451 1056 504 to-

74 523 198 594 lerandi‚
216 524 274 582 scd
289 530 417 584 autnon
432 524 558 584 adnotat
572 530 624 584 aut
640 523 732 599 digna
747 526 812 585 risu
828 534 921 601 putat.

133 605 184 664 XI.
219 607 382 666 Praeterea
402 623 472 667 cum
496 624 638 683 magnam
664 615 781 683 partem
806 610 1080 670 contumeliaruml

73 690 196 763 superbi
212 689 444 765 insolentesque
458 692 571 752 iaciant
585 698 615 750 et
630 693 708 752 male
724 691 896 753 felicitatem
912 695 1055 766 serentes,

66 773 160 838 ,babet
176 789 240 848 quo
256 775 347 834 istum
359 775 510 834 adlectum
525 775 662 834 inflatum
673 782 807 851 respuat,
820 775 1055 852 pulcherrimam

72 857 209 915 virtutem
225 857 357 916 omnium
375 857 505 932 [animi]‚
527 859 818 932 magnanimitatem:
842 860 893 918 illa
909 859 1056 935 quicquid

72 940 223 1000 eiusmodi
248 946 310 1014 cst,
336 943 514 1001 transcurrit
538 950 571 1002 ut
598 959 693 1003 vanas
721 941 843 1018 species
865 944 1053 1004 somniorum

72 1025 221 1098 visusque
241 1031 409 1085 nocturnos
432 1025 506 1084 nibil
526 1025 666 1086 habentis
681 1025 771 1088 solidi
788 1033 880 1102 atque
896 1027 969 1086 veri.
1006 1026 1082 1090 Sil

70 1109 129 1166 mul
144 1107 221 1166 illud
232 1109 358 1188 ‘cogitat
375 1125 481 1168 onmes
498 1109 657 1170 inferiores
673 1127 753 1184 esse,
766 1128 856 1185 quam
874 1119 908 1172 ut
923 1111 981 1171 illis
999 1126 1069 1169 au.

69 1189 157 1250 dacia
178 1191 220 1250 sit
237 1199 321 1252 tanto
337 1193 508 1252 excelsiora
529 1193 699 1268 despicere.
737 1195 923 1255 Contumelia
944 1211 962 1254 a
979 1210 1049 1254 con-

68 1281 184 1348 templu
207 1274 289 1334 dicta
309 1282 369 1348 est,
398 1277 468 1350 quia
490 1292 579 1337 nemo
601 1277 659 1337 nisi
674 1293 770 1362 quem⁸
780 1279 977 1353 contempsit,
1003 1278 1055 1338 tali

70 1359 177 1417 iniuria
193 1366 287 1418 notat.
310 1376 399 1419 nemo
415 1368 516 1420 autem
531 1361 676 1420 maiorem
689 1361 908 1435 melioremque
920 1368 1054 1432 contem-

70 1443 117 1516 nit,
133 1443 227 1501 etiam
243 1443 270 1501 si
286 1443 358 1502 lacit
371 1443 495 1517 aliquid,
513 1445 596 1518 quod
612 1451 842 1505 contemnentes
855 1445 970 1504 solent:
985 1460 1055 1504 nam

70 1534 97 1584 et
112 1526 202 1600 pueri
224 1541 261 1586 os
285 1529 444 1600 parentum
459 1527 570 1588 feriunt
584 1537 613 1588 et
629 1529 729 1589 crines
746 1528 851 1588 matris
866 1527 998 1589 turbavit
1012 1529 1054 1586 la-

70 1611 248 1685 ceravitque
274 1610 374 1669 iulans
396 1618 426 1670 et
446 1619 538 1685 sputo
559 1611 715 1686 adspersit
729 1619 780 1674 aut
793 1611 922 1673 nudavit
935 1610 966 1670 in
982 1627 1055 1670 con-

71 1700 179 1766 spectu
195 1710 323 1753 suorum
341 1696 470 1768 tegenda
486 1701 516 1754 et
530 1694 632 1754 verbis
648 1695 903 1757 obscoenioribus
922 1711 984 1756 non
1000 1711 1051 1770 pe-

70 1779 173 1850 percit.
201 1783 233 1836 et
246 1776 321 1836 nibil
335 1777 443 1837 borum
459 1778 673 1840 contumeliam
687 1779 827 1840 dicimus.
850 1787 968 1855 queret
983 1781 1056 1854 quia

70 1863 118 1934 qui
133 1861 222 1934 lecit,
241 1866 437 1920 contemnere
452 1877 512 1922 non
529 1870 640 1937 potest.
675 1863 792 1923 Eadem
807 1879 904 1923 causa
919 1870 981 1935 est,
999 1875 1083 1928 cura

70 1961 123 2004 nos
139 1945 364 2019 mancipiorum
379 1953 552 2006 nostrorum
569 1947 724 2006 urbanitas
741 1946 771 2004 in
787 1945 930 2006 dominos
946 1954 1052 2006 contu—

71 2029 198 2089 meliosa
215 2029 361 2102 delectet,
378 2045 507 2103 quorum
524 2030 653 2090 audacia
667 2028 709 2090 ita
723 2030 845 2090 demum
861 2027 920 2088 sibi
934 2027 964 2088 iu
981 2045 1054 2089 con·
1122 2043 1124 2048 ·

72 2112 154 2172 vivas
169 2111 218 2172 ius
235 2110 316 2187 lacit,
339 2112 365 2172 si
381 2113 483 2187 coepit
497 2130 516 2172 a
531 2113 663 2174 domino.
708 2121 738 2172 et
764 2122 797 2174 ut
823 2114 956 2189 quisque
982 2129 1054 2172 con-

72 2195 290 2269 temptissimus
302 2203 332 2256 et
343 2201 398 2270 [ut]
411 2196 572 2256 ludibrium
586 2206 640 2271 est,
655 2199 695 2258 ita
709 2199 916 2258 solutissimae
931 2198 1054 2272 linguae

72 2287 124 2337 est.
156 2279 275 2341 Pueros
294 2279 416 2354 quidam
438 2279 468 2339 iu
491 2281 551 2340 boc
572 2288 744 2342 mercantur
765 2291 916 2358 procaces·
937 2287 968 2342 et
988 2281 1054 2341 illo-

72 2377 133 2420 mm
154 2363 363 2437 inpudentiam
388 2371 500 2424 acuunt
524 2381 561 2424 ac
584 2366 642 2426 sub
669 2366 815 2440 magistro
842 2365 971 2439 habent,
1001 2362 1054 2440 qui

74 2445 182 2520 probra
196 2447 339 2508 meditate
354 2445 522 2521 effundunt,
537 2464 595 2508 nec
610 2449 667 2508 bas
682 2449 882 2510 contumelias
894 2464 1052 2518 vocamus,
1123 2521 1127 2525 ‚

15 2597 16 2602 γ
74 2529 125 2588 sed
149 2531 302 2604 argutias:
333 2538 445 2606 quanta
467 2537 567 2591 autem
589 2532 741 2593 dementia
761 2540 809 2593 est
828 2531 938 2591 iisdem
959 2531 1052 2590 modo

74 2612 229 2688 delectari,
255 2613 347 2674 modo
375 2613 489 2675 offendi
504 2621 534 2674 et
547 2631 611 2674 rem
628 2615 667 2674 ab
683 2616 781 2674 amico
798 2613 908 2674 dictam
929 2614 1052 2673 maledi-

15 2763 16 2776 *
74 2704 147 2756 etum
164 2712 288 2770 vocare,
304 2713 322 2756 a
337 2700 460 2758 servulo
476 2699 610 2758 ioculare
626 2697 821 2758 convicium?

147 2780 212 2840 Xll.
247 2780 342 2854 Quem
362 2781 494 2842 animum
516 2799 573 2842 nos
595 2783 745 2842 adversus
762 2797 878 2857 pueros
892 2781 1080 2856 babemus,1

15 2851 16 2872 ¹
72 2861 147 2924 bunc
162 2865 290 2940 sapiens
306 2865 457 2926 adversus
474 2882 596 2938 omnes,
620 2866 732 2942 quibus
753 2866 842 2926 etiam
860 2871 933 2941 post
945 2863 1051 2926 iuven·

72 2953 126 3007 tam
142 2963 304 3024 canosque
323 2949 478 3025 puerilitas
494 2957 550 3010 est.
588 2967 627 3009 an
651 2950 816 3026 quicquam
841 2951 891 3011 isti
912 2951 1052 3025 proiece-

70 3038 143 3106 runt,
161 3033 273 3108 quibus
298 3053 315 3084 a
336 3033 428 3094 animi
439 3036 518 3094 mala
529 3042 600 3094 sunt
611 3034 754 3110 auctique
766 3035 795 3094 in
807 3034 906 3094 maius
919 3049 1050 3106 errores,

72 3117 118 3190 qui
134 3134 152 3176 a
168 3118 273 3192 pueris
289 3118 496 3192 magnitudine
511 3125 626 3179 tantum
638 3119 799 3192 formaque
814 3133 979 3192 corporum
994 3117 1050 3176 dil-

71 3201 180 3275 lemnt,
205 3207 339 3261 ceterum
358 3217 420 3263 non
438 3201 538 3262 minus
555 3202 624 3276 vagi
644 3202 828 3277 incertique,
851 3201 1054 3278 voluptatirun

71 3281 130 3342 sine
146 3285 271 3344 delectu
285 3283 481 3360 adpetentes,
508 3285 619 3360 trepidi
634 3291 665 3344 ct
679 3302 740 3346 non
756 3285 893 3359 ingenio,
918 3285 975 3344 sed
990 3284 1052 3342 lor-

71 3367 177 3426 midine
195 3368 312 3444 quieti‘l
344 3368 410 3429 Non
427 3369 497 3428 ideo
514 3369 678 3444 quicquam
693 3369 854 3429 interillos
873 3367 1082 3443 puerosque2

69 3449 216 3512 interesse
231 3451 302 3528 quis
318 3451 437 3525 dixerit,
455 3452 540 3526 quod
553 3452 611 3512 illis
624 3454 752 3513 talorum
765 3467 915 3511 nucumve
927 3457 957 3510 et
971 3449 1052 3508 aeris

69 3534 168 3596 minuti
183 3534 313 3597 avaritia
328 3541 388 3608 cst,
412 3533 460 3596 his
483 3535 549 3596 auri
569 3535 749 3611 argentique
764 3542 795 3595 et
808 3533 936 3595 urbium.
967 3531 1054 3605 quod
