2528 3906
210 263 273 330 110
322 273 327 284 '
500 263 533 321 L.
552 259 700 321 ANNAEI
722 259 900 321 SENECAE

210 433 272 478 non
287 414 403 490 gloriae
418 430 544 488 memor,
566 430 627 475 non
649 413 791 472 inlamiae
806 420 954 488 metuens,
976 413 1195 479 inemendabi-

210 501 257 574 lis,
272 515 340 559 cum
355 513 394 558 ex
409 497 454 557 ira
466 499 496 557 ln
513 497 616 558 odium
632 495 784 558 obcalluit.
1037 540 1039 544 .

179 595 193 644 l
267 582 364 642 XLII.
389 582 552 642 Careamus
572 580 633 641 hoc
653 581 734 640 malo
755 595 988 656 purgemusque
1005 589 1140 642 mentem
1163 589 1197 644 et

209 665 415 740 exstirpemus
429 665 585 737 radicitus,
602 679 682 740 quae
698 663 838 738 quamvis
855 665 957 724 tenuia
970 664 1195 741 undecumque

210 750 373 820 haeserint,
388 755 596 809 renascentur.
632 754 663 806 et
676 747 751 806 iram
765 762 826 807 non
842 755 1058 823 temperemus,
1074 749 1133 808 sed
1151 766 1195 809 ex

210 841 273 894 toto
288 845 511 892 removeamus.
540 831 625 905 quod
645 831 725 890 enirn
740 831 838 890 malae
852 831 896 890 rai
915 839 1194 906 temperamentum

178 923 277 978 desti
292 915 458 990 poterimus
470 921 580 987 autem,
595 913 766 974 adnitamur
778 915 880 974 modo.
909 914 971 974 Nec
985 916 1045 974 ulla
1060 929 1113 975 res
1124 932 1193 974 ma·-

211 998 258 1074 gis
276 999 411 1073 proderit
426 1013 516 1072 quam
533 997 675 1072 cogitatio
691 997 890 1076 mortalitatis.
920 997 978 1057 sibi
994 997 1128 1073 quisque
1145 1007 1193 1060 at-

212 1097 272 1157 que
286 1081 371 1141 alteri
386 1081 481 1141 dicat:
510 1080 588 1155 Quid
608 1081 692 1140 iuvat
705 1087 859 1155 tamquam
873 1081 903 1139 in
925 1087 1081 1140 aeternum
1102 1083 1193 1155 geni-

210 1173 259 1227 tos
275 1166 336 1225 iras
351 1163 486 1225 indicere
500 1171 531 1224 et
543 1163 756 1224 brevissimam
770 1169 898 1224 aetatem
913 1163 1087 1239 dissiparet
1112 1167 1194 1239 quid

211 1250 294 1310 iuvat
307 1249 382 1323 dies,
405 1265 483 1324 quos
498 1248 528 1307 in
543 1251 730 1322 voluptatem
745 1247 903 1308 honestam
923 1245 1093 1322 inpendere
1107 1246 1193 1322 licet,

210 1335 241 1393 in
262 1333 399 1394 dolorem
419 1331 547 1392 alieuius
567 1338 811 1406 tormentumque
830 1331 1020 1391 transferret
1051 1347 1113 1392 non
1137 1347 1191 1392 ca·

178 1427 196 1482 3
211 1418 296 1492 piunt
308 1432 359 1476 res
374 1417 451 1476 istae
466 1416 611 1475 iacturam
632 1429 689 1474 nec
703 1421 825 1488 tempus
840 1421 930 1473 vacat
946 1413 1085 1488 perdere.
1107 1415 1192 1488 Quid

210 1502 327 1561 ruimus
349 1501 379 1558 in
402 1504 555 1572 pugnam?
585 1496 660 1572 quid
682 1498 847 1558 certamina
864 1496 954 1558 nobis
975 1496 1196 1558 arcessimus?

212 1583 286 1660 quid
308 1581 509 1644 inbecillitatis
530 1581 613 1641 obliti
638 1581 772 1656 ingentia
792 1581 1071 1658 odia'suscipimus
1092 1587 1125 1640 et
1149 1583 1192 1641 ad

211 1666 411 1741 frangendum
432 1664 555 1738 fragiles
571 1664 806 1738 consurgimusl
832 1661 890 1724 iarn
908 1665 983 1724 istas
1003 1663 1191 1736 inimicitias,

212 1765 291 1824 quas
310 1747 483 1824 inplacablll
498 1748 632 1822 gerimus
647 1748 758 1819 animo,
775 1747 868 1807 febris
889 1753 942 1807 aut
960 1747 1086 1823 aliquod
1103 1749 1193 1809 aliud
1257 1807 1258 1810 ,

211 1834 322 1894 malum
343 1831 482 1907 eorporis
499 1832 611 1892 vetabit
631 1831 705 1906 geri.
729 1832 788 1890 iam
809 1847 867 1906 pur
888 1831 1068 1890 acerrimum
1085 1833 1194 1892 media

179 1931 295 1986 amors
311 1916 437 1977 dirimet.
473 1913 550 1990 outo
566 1917 780 1976 tumultuamur
796 1921 826 1974 et
840 1914 931 1974 vitam
952 1913 1091 1975 seditiosi
1114 1930 1189 1976 con·

211 2001 389 2061 turbamus?
407 2005 466 2059 stat
480 2015 575 2073 supra
586 2006 678 2073 caput
692 1999 785 2058 latum
800 2005 831 2058 et
844 1996 1001 2072 pereuntis
1016 1997 1083 2058 dies
1098 1997 1127 2058 in
1133 2017 1188 2074 pu·
1256 2039 1257 2046 ,

212 2092 255 2144 tat
276 2083 466 2159 propiusque
486 2098 523 2142 ac
544 2083 672 2156 propius
694 2082 821 2142 accedit.
856 2079 939 2140 istud
959 2089 1079 2158 tempus
1102 2084 1193 2159 quod

213 2167 331 2226 alienae
345 2166 482 2225 destinas
497 2163 594 2236 morti,
611 2165 743 2226 lortasse
758 2163 839 2224 circa
853 2171 935 2224 tuam
949 2171 1006 2225 est.

181 2266 196 2317 1
273 2249 375 2309 XLIII.
398 2247 473 2322 Quin
485 2248 587 2323 potius
599 2248 825 2308 vitambrevem
840 2249 958 2322 colligis
974 2247 1195 2324 placidamque
1255 2311 1256 2336 χ

213 2333 307 2393 ettlbi
325 2339 356 2394 et
370 2329 480 2392 ceteris
497 2337 657 2407 praestast
678 2333 750 2408 quin
767 2332 869 2406 potius
885 2332 1044 2392 amabilem
1058 2338 1098 2406 te,
1114 2333 1194 2393 dum
1255 2337 1256 2351 ¹

212 2417 301 2486 vivis,
323 2415 473 2490 omnibus,
496 2415 739 2490 desiderabilem,
761 2431 830 2477 cum
851 2417 1033 2490 excesseris,
1055 2415 1197 2477 reddis?
1254 2477 1255 2494 ,

214 2500 291 2574 Quid
305 2499 388 2560 illum
402 2500 491 2559 nimis
507 2515 546 2558 ex
560 2501 620 2560 alto
635 2507 735 2566 tecum
749 2506 886 2574 agentern
903 2499 1062 2560 detrahere
1078 2500 1198 2574 cupisr

214 2585 287 2659 quid
302 2583 385 2644 illurn
402 2583 599 2644 oblatrantem
614 2582 676 2655 tibi,
699 2582 840 2643 humilem
861 2583 983 2658 quidem
1005 2590 1035 2642 et
1051 2590 1194 2642 contem-

214 2677 307 2742 ptum,
323 2667 379 2727 sed
395 2666 606 2741 superioribus
619 2667 738 2726 acidum
754 2681 790 2726 ac
804 2667 966 2726 molestum
981 2674 1139 2725 exterrere
1146 2668 1195 2725 vi-
1253 2695 1254 2704 ,

212 2751 295 2810 ribus
311 2749 371 2810 tuis
385 2757 537 2824 temptas?
565 2750 641 2823 Quid
660 2765 761 2820 servo,
778 2751 853 2824 quid
867 2750 1000 2823 domino,
1023 2749 1101 2824 quid·
1112 2750 1195 2824 regi,

213 2834 287 2908 quid
307 2832 407 2893 clienti
433 2840 484 2893 tuo
506 2831 670 2892 irascerist
697 2833 813 2893 sustine
839 2834 978 2908 pentuma
1010 2831 1093 2892 venit
1114 2847 1196 2894 ecce
1252 2835 1253 2842 ’

180 2923 198 2976 2
214 2932 296 2976 mors
313 2931 392 2990 quae
405 2931 570 2990 vos-pares
586 2917 685 2977 iaciat.
715 2915 830 2976 Videre
845 2917 982 2977 solemus
996 2917 1075 2976 inter
1089 2923 1194 2977 matu-

212 3000 401 3060 tinaarenae
415 3001 592 3074 spectacula
606 2999 684 3060 tauri
699 3005 729 3060 et
741 2999 806 3060 ursi
820 3015 955 3075 pugnam
969 2999 1048 3060 inter
1061 3015 1097 3059 se
1113 3013 1195 3059 con·
1251 3065 1252 3072 χ

212 3083 386 3157 ligatorum,
411 3099 491 3156 quos
507 3099 575 3142 curn
591 3085 667 3142 alter
681 3083 807 3144 alterum
828 3084 960 3154 vexarit,
983 3099 1058 3143 suus
1081 3085 1195 3144 conle-

213 3174 278 3227 etor
285 3173 458 3241 exspectat:
470 3165 551 3225 idem
560 3164 696 3240 iacimus,
710 3165 842 3241 aliquem
853 3166 1013 3228 nobiscum
1021 3165 1196 3240 adligatum

213 3247 403 3322 lacessimus
419 3265 487 3309 cum
504 3250 583 3310 victo
594 3249 765 3325 victorique
779 3249 849 3310 finis
865 3249 1033 3326 etquidem
1048 3255 1195 3310 maturus

212 3332 365 3394 inmineat.
395 3333 487 3408 quieti
502 3332 604 3406 potius
624 3335 786 3409 pacatique
806 3335 1117 3408 quantulumcumque
1138 3350 1194 3395 su-

211 3423 325 3492 perest,
343 3417 510 3490 exigamus.
540 3416 614 3476 nulli
634 3416 767 3476 cadaver
780 3423 918 3478 nostrum
931 3418 1030 3478 iaceat
1043 3413 1194 3477 invisum.

181 3507 205 3562 tl.
213 3499 315 3577 Saepe
327 3500 425 3559 rixam
440 3500 662 3560 conclamatum
678 3500 708 3558 in
724 3500 826 3561 vicino
846 3501 1020 3562 incendium
1042 3499 1138 3561 solvit
1163 3508 1197 3561 et
