2546 3890
331 183 382 244 bl:
405 182 622 244 arabilium
642 182 748 242 LIB.I.
771 191 868 245 1-3.
1023 183 1093 270 979Ι

106 337 281 397 ducatur
306 334 481 408 animuS,¹
499 333 690 408 quomodo
720 335 922 394 confirmet
950 350 1029 394 eam
1050 341 1086 394 et

88 408 187 480 ‘usu
208 435 312 478 suam
335 415 464 478 iaciat.

177 501 324 561 Nullam
345 516 437 560 vero
459 516 505 560 ex
527 500 702 562 omnibus
725 500 938 562 uirtutibus
962 499 1119 576 magisq

114 584 258 645 bomini
284 583 510 657 convenire,
548 599 628 642 cum
655 585 707 646 sit
735 583 841 643 nulla
869 584 1084 660 humanior,

107 673 272 727 «constet
301 681 467 727 necesse
492 665 639 729 estnon
658 669 759 728 solum
779 667 942 740 internoS,
965 667 1015 742 qui
1030 667 1084 728 ho-

108 751 242 823 minem,
270 750 385 826 sociale
406 751 532 822 animal,
561 749 712 810 communi
731 749 813 810 bono
833 751 963 824 genitum
987 750 1085 810 videri

114 835 274 907 volumuS,
301 833 466 894 sedetiam
489 833 565 892 inter
584 834 669 907 illoS,
693 834 744 908 qui
765 833 917 894 hominem
936 835 1085 907 voluptati

108 917 247 989 donant,
263 932 393 992 quorum
408 917 509 977 omnia
523 916 604 976 dicta
618 919 759 992 factaque
773 917 813 976 ad
828 917 983 978 utilitatem
998 934 1085 976 suam

109 1005 271 1075 spectauit
301 1014 371 1060 nam
392 1000 418 1058 si
441 999 571 1074 quietem
592 1001 667 1074 petit
680 1008 710 1059 et
724 1001 830 1073 otium,
854 1001 931 1060 hanc
945 1001 1085 1060 virtutem

108 1089 242 1144 naturae
262 1099 337 1144 suae
352 1089 461 1144 nactus
476 1089 537 1154 est,
562 1099 640 1156 quae
655 1099 762 1158 pacem
776 1092 856 1144 amat
870 1091 900 1142 et
913 1099 1021 1142 manus
1037 1099 1084 1142 re-

110 1167 199 1226 tinet.
241 1166 388 1228 Nullum
426 1173 547 1226 tamen
588 1167 800 1247 clementia
831 1183 875 1225 ex
909 1167 1117 1236 omnibusa

113 1250 240 1325 magis
269 1266 377 1324 quam
404 1265 529 1324 regem
556 1256 620 1310 aut
647 1251 861 1324 principem
888 1251 1007 1310 decet.
1044 1251 1086 1309 ita

109 1334 196 1392 enim
216 1349 345 1408 magnae
366 1333 447 1392 vires
468 1332 572 1392 decori
589 1333 766 1408 gloriaeque
782 1341 866 1412 surp,
888 1334 914 1392 si
930 1333 988 1392 illis
1004 1333 1084 1392 sulu-

109 1418 189 1476 taris
205 1418 340 1492 potentia
354 1423 410 1476 est.
433 1432 503 1475 nam
519 1415 664 1490 pestilera
679 1417 725 1475 vis
739 1423 786 1476 est
800 1417 902 1475 valere
917 1417 956 1475 ad
973 1433 1084 1476 nocen-

111 1501 199 1560 dum.
234 1501 317 1560 Illius
338 1500 459 1560 demum
480 1500 655 1574 magnitudo
677 1499 795 1564 stabilis
817 1495 1002 1575 fundataque
1027 1509 1083 1570 est,

110 1599 208 1658 quem
223 1599 330 1644 omnes
344 1592 403 1644 tam
418 1599 513 1658 supra
524 1598 558 1642 se
570 1599 641 1643 esse
654 1599 744 1657 quam
758 1600 813 1658 pro
826 1600 861 1644 se
873 1584 981 1655 sciunt,
998 1583 1084 1642 cuius

110 1684 220 1726 curam
232 1668 385 1728 excubare
396 1683 453 1742 pro
466 1668 565 1726 salute
575 1667 764 1741 singulorum
771 1673 863 1740 atque
872 1668 1085 1726 universorum

111 1751 228 1810 cotidie
240 1751 443 1826 experiuntur,
457 1767 517 1824 quo
529 1751 715 1824 procedente
726 1765 797 1824 non,
812 1753 1085 1824 tamquammalum

108 1833 242 1908 aliquod
257 1841 308 1894 aut
321 1835 446 1893 noxium
461 1833 572 1892 animal
587 1849 605 1892 e
620 1831 711 1893 cubili
725 1833 898 1906 prosilierit,
917 1833 1085 1906 diffugiunt,

111 1918 173 1976 sed
192 1924 343 1992 tamquam
363 1917 401 1976 ad
417 1918 531 1978 clarum
546 1932 582 1976 ac
595 1916 765 1978 beneficum
780 1916 866 1977 sidus
882 1917 1016 1976 certatim
1033 1916 1084 1975 ad-

112 2001 234 2072 volant,
262 2002 383 2060 obicere
405 2016 440 2060 se
459 2015 516 2074 pro
532 2000 582 2060 illo
598 1999 794 2060 mucronibus
811 1999 1014 2058 insidiantium
1031 2016 1085 2074 pa-

108 2084 260 2144 ratissimi
281 2093 311 2145 et
331 2083 526 2144 substernere
548 2099 679 2159 corpora
693 2099 764 2159 sua,
787 2083 813 2144 si
828 2099 883 2158 per
897 2089 1029 2158 stragem
1044 2082 1086 2142 illi

111 2167 279 2227 humanam
298 2167 355 2226 iter
374 2168 414 2227 ad
436 2169 563 2226 salutem
584 2167 760 2228 struendum
781 2167 829 2228 sit.
860 2183 999 2228 somnum
1019 2167 1085 2226 eius

109 2251 274 2312 nocturnis
289 2251 427 2312 excubiis
442 2249 587 2310 muniunt.
615 2253 709 2312 latera
724 2251 833 2332 obiecti
849 2251 1085 2324 circumfusique

112 2335 292 2394 defendunt.
308 2335 537 2394 vincurrentibus
552 2335 695 2408 periculis
711 2351 746 2394 se
761 2341 931 2409 opponunt.
958 2333 1024 2393 Non
1037 2334 1085 2392 hic
1099 2348 1118 2400 4

109 2425 164 2477 est
184 2419 250 2477 sine
264 2418 381 2479 ratione
397 2417 519 2492 populis
534 2415 722 2490 urbibusque
737 2433 908 2478 consensus
923 2417 968 2476 sic
984 2424 1084 2490 prote-

112 2501 207 2575 gendi
229 2503 410 2576 amandique
430 2515 519 2574 reges
535 2507 565 2559 et
587 2515 621 2560 se
636 2515 754 2574 suaque
769 2499 914 2572 iactandi,
938 2515 1083 2572 quocum-

117 2599 178 2658 que
192 2584 377 2644 desideravit
390 2583 566 2659 imperantis
582 2584 675 2642 salus.
701 2598 758 2642 nec
772 2583 849 2642 haec
862 2583 961 2642 vilitas
977 2583 1023 2640 sui
1037 2589 1086 2640 est

107 2676 168 2726 aut
188 2667 352 2742 dementia,
376 2684 431 2742 pro
453 2684 514 2727 uuo
536 2665 635 2740 capite
655 2672 699 2726 tot
719 2665 801 2724 milia
814 2665 956 2740 excipere
971 2665 1084 2724 serrum

108 2766 153 2809 ac
164 2751 264 2810 multis
278 2750 422 2811 mortibus
436 2767 524 2810 unam
536 2749 666 2810 animam
676 2749 841 2823 redimere,
856 2755 1083 2822 nonnumquam

108 2832 200 2894 ,senis
215 2841 245 2892 et
259 2833 392 2894 invalidi.
416 2833 675 2908 Quemadmodum
687 2841 781 2894 totum
793 2847 905 2908 corpus
918 2831 1018 2890 animo
1032 2831 1082 2890 de·
1098 2851 1117 2902 5

108 2915 211 2977 ,servit
224 2924 254 2978 et
268 2933 336 2977 cum
351 2917 409 2978 hoc
424 2924 506 2976 tanto
522 2917 619 2976 maius
631 2922 777 2991 tantoque
788 2915 959 2992 speciosius
972 2915 1018 2986 sit,
1034 2913 1084 2972 ille

110 2999 144 3057 in
168 3001 287 3060 occulto
310 3008 429 3060 maneat
450 3001 549 3060 tenuis
571 3008 601 3060 et
621 3001 652 3058 in
668 3016 727 3075 qua
743 2999 817 3060 sede
832 3001 925 3058 latitet
939 2998 1082 3071 incertus

110 3091 215 3142 tamen
237 3100 359 3156 manus,
382 3085 493 3158 pedes,
516 3084 597 3144 oculi
616 3083 770 3158 negotium
790 3082 832 3142 illi
855 3087 978 3156 gerunt,
993 3081 1084 3142 ,illum

109 3165 191 3224 ilaec
205 3168 282 3227 cutis
297 3167 405 3240 munit,
420 3167 500 3227 illius
514 3163 602 3227 iussu
616 3165 749 3226 iacemus
765 3172 815 3225 aut
829 3165 954 3239 inquieti
966 3164 1083 3224 discur-

112 3249 219 3309 rimus.
242 3265 311 3310 cum
325 3251 374 3312 ille
388 3249 555 3326 imperavit,
570 3251 635 3310 sive
650 3265 761 3308 avarus
773 3247 914 3308 dominus
929 3255 984 3320 cst,
999 3263 1084 3308 mare

112 3332 191 3391 lucri
208 3349 303 3393 causa
316 3339 499 3406 scrutamur,
523 3334 588 3392 sive
603 3333 794 3405 ambitiosus
817 3333 991 3392 iamdudum
1008 3332 1082 3390 dex·

110 3421 209 3476 teram
224 3414 353 3477 flammis
369 3417 535 3478 obiecimus
551 3423 603 3476 aut
614 3414 813 3476 voluntariam
825 3421 955 3490 [mortem
965 3417 1086 3490 oppeti-
