2528 3906
172 229 213 294 74
346 269 347 272 =
461 229 493 289 L.
517 225 665 290 ANNAEI
688 227 864 289 SENECAE
962 229 965 236 '

143 385 341 463 squaedam,
365 383 517 467 quianon
541 383 740 457 speraverint.
769 383 896 457 Indigna
918 391 1060 458 putamus
1076 402 1161 462 qnae

172 469 329 544 inopinata
349 473 428 527 sunt.
461 468 563 542 itaque
582 467 714 524 maxime
736 473 928 527 commovent
948 483 1027 542 quae
1050 479 1160 531 contra

116 629 117 632 Ἴ
174 567 262 628 spem
276 550 599 626 exspectationemque
613 557 788 609 evenerunt.
818 565 875 610 nec
897 551 978 610 aliod
994 560 1042 612 est
1062 571 1161 628 quare

173 639 202 696 in
218 635 398 696 'domesticis
414 635 537 693 minima
551 633 722 706 offendant,
745 633 776 692 in
791 635 896 694 amicis
912 635 1160 698 iniuriam'voce·

146 721 241 780 emus
262 718 492 794 neglegentiam.
521 717 708 792 „Quomodo
724 731 812 792 ergo,
834 717 946 793 inquit,
968 719 1161 782 inimicorum

175 819 232 864 nos
250 802 378 862 iniuriae
399 807 569 862 moventt“
591 801 663 876 quia
683 817 744 861 non
760 802 1007 876 exspectavimus
1023 805 1091 864 illas
1106 798 1162 865 aul

99 893 106 910 ²
177 895 257 948 certe
272 901 333 946 non
350 892 458 945 tantas.
484 884 544 944 hoc
560 883 654 944 elficit
671 899 756 945 amor
770 886 867 945 nostri
882 887 1002 946 nimius.
1030 886 1161 950 inviola-

175 979 225 1032 tos
240 985 298 1029 nos
314 970 402 1028 etiam
418 969 546 1028 inimicis
562 969 731 1028 iudicamus
745 981 817 1030 asse
831 968 953 1029 debere.
976 971 1058 1045 regis
1075 973 1160 1048 quis-

180 1069 239 1129 que
260 1055 337 1113 intra
359 1067 394 1112 se
415 1052 546 1111 animum
569 1053 674 1123 habet,
697 1059 730 1113 ut
749 1052 901 1113 licentiam
914 1051 980 1112 'sibi
995 1053 1060 1113 dari
1078 1053 1149 1122 velit

150 1133 208 1197 lin
232 1151 267 1196 se
287 1136 370 1196 nolit.
402 1137 464 1195 Aut
484 1137 653 1210 ignorantia
668 1137 770 1210 itaque
786 1151 843 1206 nos
859 1145 911 1196 aut
924 1135 1087 1198 insolentia
1100 1137 1146 1198 ire

179 1222 296 1281 candos
312 1221 392 1279 iacit.
413 1219 586 1294 ignorantia·
596 1233 712 1279 rerum:
729 1221 803 1294 qnid
817 1219 897 1279 enirn
911 1219 1020 1280 mirum
1036 1230 1083 1282 est
1097 1239 1144 1281 m·

179 1309 225 1365 los
243 1305 320 1363 mala
336 1303 473 1363 facinora
486 1301 601 1362 ederet
618 1304 692 1377 quid
707 1306 778 1363 novi
794 1312 849 1378 est,
865 1303 891 1364 si
907 1301 1046 1366 inimicus
1058 1307 1142 1374 noct,

179 1390 295 1449 amicus
317 1387 457 1459 oliendit,
481 1387 561 1446 lilius
577 1387 701 1458 labitur,
725 1401 834 1448 servus
857 1391 985 1461 peccata
1005 1384 1143 1466 Turpisi·

179 1489 259 1532 mam
279 1471 381 1531 aicbat
400 1470 512 1530 Fabius
530 1471 705 1544 imperaturi
720 1469 949 1532 excusationem
972 1483 1058 1532 assez
1085 1481 1146 1532 nn

179 1555 325 1631 putavi.
348 1569 406 1628 ego
422 1553 629 1628 turpissimam
645 1553 758 1614 homini
775 1563 858 1630 puto.
883 1553 990 1615 Omnia
1006 1565 1091 1634 puta,
1108 1569 1146 1614 ot-

180 1645 288 1712 specta
296 1660 306 1693 r
323 1638 412 1696 etiam
434 1638 462 1695 in
482 1637 572 1696 bonis
588 1638 724 1698 monibus
739 1637 854 1714 aliquid
869 1637 996 1704 exsistet
1010 1639 1142 1716 asperis·

151 1721 250 1782 trent
264 1722 396 1780 humana
405 1729 513 1780 natura
526 1719 694 1782 insidiosos
710 1721 843 1796 animos
864 1725 922 1782 lert
935 1723 1084 1798 ingramo,
1107 1718 1150 1780 fni

183 1805 329 1880 cupidoS,
346 1806 402 1864 lert
417 1805 529 1880 inpios.
553 1821 621 1864 eum
637 1807 675 1865 de
687 1807 777 1866 unius
792 1808 927 1868 moribus
943 1807 1109 1880 iudicabiS‚
1123 1801 1156 1860 10

183 1889 313 1964 publicis
336 1888 444 1964 cogita.
474 1889 527 1948 ubi
548 1889 679 1948 maxime
698 1891 863 1964 gaudebis,
884 1889 1015 1950 maxime
1036 1899 1160 1951 metans.

112 1999 113 2004 1
181 1973 234 2032 ubi
255 1973 418 2048 tranquilla
437 1971 491 2032 tibi
514 1973 615 2032 omnia
630 1972 784 2044 videntur,
809 1974 851 2034 ibi
871 1973 1011 2036 nocitura
1029 1991 1091 2034 non
1106 1969 1163 2028 de-

184 2058 320 2116 suntsed
336 2055 506 2130 quieseunt.
521 2068 643 2132 semper
657 2057 790 2118 loturum
802 2057 917 2132 aliquid
931 2059 1017 2132 quod
1027 2065 1057 2118 te
1070 2052 1162 2120 ofen-

184 2141 237 2200 dat
248 2140 399 2200 existima.
429 2139 622 2200 Gubernator
634 2153 800 2216 numquam
820 2141 861 2202 ita
875 2147 956 2202 totos
973 2143 1059 2203 sinus
1076 2153 1163 2200 secu·

183 2238 238 2284 rus
259 2221 420 2298 explicuit,
442 2229 556 2283 utnon
578 2223 721 2298 expedite
744 2225 783 2284 ad
807 2225 1047 2285 contrahendum
1068 2235 1164 2282 arma-

154 2302 285 2365 tinente
305 2306 491 2380 disponeret.
521 2306 597 2366 Illud
618 2315 687 2367 ante
703 2309 804 2368 omnia
821 2310 935 2383 cogita,
954 2309 1074 2369 ¹foedam
1090 2318 1165 2364 esse

185 2397 215 2450 et
226 2391 446 2450 exsecrabilem
458 2389 518 2448 vim
530 2391 661 2451 nocendi
673 2399 702 2450 et
714 2391 929 2452 alienissimam
941 2389 1062 2464 homini,
1077 2389 1166 2448 cuius

185 2473 336 2534 beneflcio
364 2475 453 2534 etiam
479 2488 574 2534 saeva
595 2482 823 2534 mansuescunt.
859 2473 988 2550 auspice
1013 2483 1168 2540 taurorum

185 2559 364 2634 iogooolla
388 2557 543 2618 submissa
567 2566 598 2618 et
621 2559 843 2634 elephantorum
864 2559 968 2634 pueris
993 2556 1105 2634 pariter
1130 2569 1169 2612 ac

122 2655 126 2666 ‘
186 2641 306 2702 lerninis
330 2638 568 2716 persultantibus
591 2649 675 2716 terga
702 2642 818 2716 inpune
838 2643 955 2702 calcata
978 2647 1007 2701 et
1030 2636 1169 2714 repentis

186 2727 263 2784 inter
282 2727 402 2800 pocula
416 2725 578 2802 sinusque
590 2726 722 2786 innoxio
744 2727 834 2801 lapsu
859 2725 1009 2786 dracones
1035 2731 1064 2784 et
1089 2724 1171 2781 intra

180 2810 309 2868 ‘domum
324 2821 466 2868 ursorum
481 2811 665 2884 leonumque
681 2825 735 2870 ora
751 2810 870 2884 placida
881 2807 1078 2870 tractantibus
1093 2805 1170 2865 adu-

68 2957 79 2976 ·
187 2891 339 2964 tantisque
359 2892 514 2952 donnnnm
535 2894 631 2952 ieras:
661 2893 786 2968 pudebit
808 2907 876 2953 cum
897 2893 1077 2954 annualibus
1101 2901 1170 2964 per·

159 2968 175 3024 ⁷
187 2981 324 3034 mutasse
338 2990 450 3034 mores.
472 2977 565 3036 Nelos
581 2985 629 3036 est
643 2991 756 3037 nocere
771 2977 901 3052 patriast
922 2987 996 3051 ergo
1017 2974 1076 3034 civi
1092 2990 1171 3048 quo-

189 3073 264 3132 que,
285 3073 354 3118 nam
371 3057 427 3136 -hic
448 3073 520 3134 pars
545 3061 659 3134 patriae
674 3068 730 3122 est.
764 3066 888 3120 sanctae
909 3067 1012 3134 partes
1034 3061 1120 3131 sunt,
1144 3057 1173 3116 si

187 3140 365 3203 universam
385 3143 560 3202 venerabile
582 3152 637 3203 est.
669 3158 741 3219 ergo
764 3151 795 3204 et
817 3143 946 3216 homini,
972 3159 1041 3202 nam
1066 3140 1118 3200 hie
1141 3141 1173 3199 in

188 3225 303 3284 maiore
324 3225 377 3286 tibi
397 3226 473 3286 urbe
495 3227 570 3286 civis
591 3236 647 3288 est.
681 3227 759 3300 Quid
779 3227 805 3288 si
826 3226 1045 3286 nocerevelint
1060 3237 1171 3286 manus

188 3307 342 3381 pedibust
363 3311 502 3370 manibus
517 3309 620 3370 oeulit
637 3317 670 3370 ut
685 3309 787 3370 omnia
805 3311 883 3369 inter
898 3321 933 3370 se
947 3309 1083 3368 membra
1098 3323 1170 3368 oon-

188 3391 338 3465 sentiunt,
354 3393 426 3466 qnia
441 3393 561 3466 singul-a
576 3393 692 3453 servari
707 3395 798 3454 totius
813 3395 953 3468 interest,
975 3393 1016 3452 ita
1029 3393 1175 3454 homines

188 3473 317 3550 singulis
333 3483 467 3550 parcent,
485 3476 557 3550 quia
571 3477 611 3534 ad
626 3485 745 3536 coetum
759 3477 850 3552 geniti
866 3484 945 3536 sunt.
968 3477 1055 3535 salva
1069 3483 1176 3536 autem
