2528 3906
181 259 244 324 156
364 260 398 320 L.
418 261 566 322 ANNAEI
586 261 762 322 SENECAE
783 261 885 322 nlnL.
905 263 971 322 vll.

180 416 254 476 nihil
269 416 341 476 novi
360 415 468 475 laoitis.
496 431 565 475 nam
587 423 618 476 et
639 417 735 475 solem
755 413 869 474 lumina
889 429 982 488 aegra
996 413 1161 480 formidant

180 508 212 560 et
231 505 412 560 aversantur
430 499 510 558 diern
525 499 720 574 splendidum
734 505 884 558 nocturna
898 497 1054 570 animalia,
1079 515 1161 574 quae

181 584 221 644 ad
246 583 376 659 primum
402 583 469 643 eius
496 589 593 642 ortum
619 590 742 657 stupent
764 588 794 642 et
818 579 944 658 latibula
965 597 1021 642 sua
1042 586 1160 658 passim

179 673 296 743 petunt,
311 666 464 726 abduntur
477 666 508 725 iu
523 667 643 742 aliquas
657 668 749 726 rimas
763 665 867 726 timida
881 665 968 725 lueis.
1003 668 1114 740 gemite
1128 674 1161 727 et

179 751 331 811 infelicem
352 747 485 826 linguam
511 750 662 810 bonorum
688 757 830 811 exercete
855 749 1011 824 convicio,
1037 751 1157 824 bisoibe,

180 835 391 896 conmordete=
421 833 510 892 eitius
538 834 632 894 multo
655 834 801 909 frangetis
821 833 929 893 dentes
951 849 1042 909 quam
1064 835 1158 909 inpri-

179 918 277 978 metis.
327 935 328 938 ¹

148 1009 166 1060 1
239 999 317 1060 XXI.
349 1001 501 1076 „Quare
531 1001 602 1060 ille
634 1001 915 1077 philosophiae
948 1002 1157 1063 studiosus

178 1091 421 1146 ostentamen
436 1084 548 1144 dives
570 1085 682 1144 vitam
699 1084 800 1159 agitt
820 1099 939 1158 quare
954 1099 1050 1160 opes
1065 1101 1156 1146 oon-

176 1169 407 1230 temnendas
432 1169 528 1228 dioit
553 1167 751 1230 albabeti
785 1169 876 1229 vitam
902 1169 1157 1231 contemnendam

176 1257 263 1328 putat
276 1258 417 1314 ettamen
428 1253 523 1327 vivit?
541 1252 735 1313 valitudinem
747 1253 1000 1314 contemnendam
1012 1259 1041 1312 et
1054 1260 1156 1314 tamen

176 1335 257 1396 illam
282 1337 512 1412 diligentissime
537 1343 638 1398 tuetur
662 1344 755 1412 atque
782 1337 926 1412 optimam
951 1338 1085 1397 mavultt
1125 1346 1157 1399 el

175 1419 300 1481 exilium
319 1436 432 1482 vanum
454 1436 565 1481 nomen
584 1427 671 1495 putat
690 1427 721 1482 et
740 1420 796 1482 ait:
819 1419 894 1496 quid
914 1418 995 1480 enim
1014 1427 1062 1481 est
1082 1423 1155 1482 mali

174 1511 291 1564 mutare
311 1505 476 1579 regiones?
503 1511 534 1564 et
547 1510 665 1579 tamen,
687 1505 713 1565 si
735 1505 821 1580 lieet,
842 1505 976 1566 senescit
990 1505 1019 1564 in
1034 1505 1156 1580 patrias

175 1594 205 1648 et
219 1589 296 1648 inter
309 1587 432 1664 longius
448 1595 568 1663 tempus
583 1595 614 1648 et
628 1588 751 1648 brevius
766 1589 840 1648 nihil
860 1588 1014 1650 interesse
1027 1587 1154 1662 iudicat,

174 1679 291 1745 tamen,
316 1671 344 1731 si
368 1672 441 1731 nihil
467 1672 624 1747 prohibet,
651 1673 787 1732 extendit
810 1680 939 1734 aetatem
959 1679 990 1734 et
1009 1673 1040 1732 in
1059 1675 1156 1734 multa

145 1761 332 1818 aseneotute
345 1757 486 1832 plaoidus
500 1757 620 1817 virett“
641 1757 693 1816 An
704 1756 763 1816 ista
775 1756 889 1817 debere
901 1756 1063 1829 contemni,
1079 1771 1153 1827 non,

173 1855 212 1898 ne
226 1839 352 1914 babeat,
374 1841 485 1901 sedne
506 1841 654 1902 sollicitas
669 1839 788 1900 babeat.
816 1852 878 1900 non
898 1840 991 1914 abigit
1008 1841 1059 1900 illa
1075 1857 1093 1900 a
1108 1856 1153 1912 so,

174 1923 230 1982 sed
252 1922 394 1984 abeuntia
416 1940 544 1985 securus
571 1925 776 2000 prosequitur.
809 1923 936 1986 Divitias
957 1923 1080 1999 quidem
1101 1923 1153 1984 ubi

173 2008 265 2067 tutius
281 2008 402 2068 lortuna
416 2009 551 2084 deponet
566 2025 658 2083 qrram
678 2008 737 2082 ibi,
758 2007 840 2068 unde
859 2009 926 2068 sine
941 2009 1067 2084 querela
1081 2009 1152 2068 red-

142 2089 274 2151 3dentis
294 2097 457 2166 receptura
481 2099 549 2152 est‘t
576 2091 616 2150 M.
640 2091 713 2153 Cato
734 2107 803 2168 eum
822 2093 960 2152 laudaret
981 2091 1101 2152 Curium
1122 2099 1154 2151 et

175 2172 397 2233 Coruncanium
413 2181 443 2234 et
458 2175 532 2235 illud
547 2177 700 2250 seculum,
723 2175 753 2235 in
770 2191 831 2258 quo
847 2176 1021 2236 censorium
1037 2177 1153 2235 crimen
1262 2227 1263 2258 ,

174 2263 239 2316 erat
253 2271 370 2331 paneae
384 2259 501 2332 argenti
516 2261 662 2332 lamellae,
687 2258 869 2336 possidebat
881 2260 950 2333 ipsa
964 2259 1152 2334 quadragies

173 2340 361 2414 sestertium,
383 2342 483 2402 minus
504 2343 571 2404 slue
587 2343 681 2406 dubio
697 2355 789 2419 quarn
805 2343 950 2414 Crassus,
972 2345 1153 2420 plusquam

174 2423 338 2484 Censorius
355 2423 437 2486 Cato.
460 2427 575 2486 maiore
590 2429 706 2502 spatio,
724 2427 750 2487 sl
766 2433 984 2502 conparentur,
1002 2437 1152 2501 proavum

173 2505 301 2581 vicerat,
318 2525 409 2582 quam
425 2527 443 2570 a
458 2509 571 2572 Crasso
585 2511 774 2585 vinceretur,
791 2519 834 2586 et,
850 2510 876 2571 si
891 2511 1025 2570 maiores
1040 2512 1080 2570 illi
1096 2511 1151 2571 ab
1261 2545 1262 2601 ,

140 2592 329 2654 tvenissent
344 2607 436 2668 opes,
459 2611 520 2654 non
537 2597 716 2670 sprevisset.
745 2609 803 2656 nec
819 2593 898 2655 enim
914 2609 950 2655 se
964 2595 1090 2669 sapiens
1106 2595 1151 2653 in-

127 2669 133 2685 “
172 2674 296 2750 dignum
311 2675 380 2736 ullis
395 2679 571 2738 muneribus
587 2680 718 2740 fortuitis
732 2687 827 2753 putat.
849 2695 911 2740 non
927 2685 1007 2738 amat
1017 2679 1150 2750 divitias,

171 2759 228 2818 sed
243 2761 366 2819 mavult.
395 2775 457 2820 non
478 2759 509 2821 in
525 2762 657 2821 animum
672 2762 756 2835 illas,
777 2763 877 2823 sedin
894 2764 1018 2822 domurn
1032 2762 1150 2836 reolpit.

170 2857 228 2901 nee
252 2841 370 2917 respuit
394 2859 574 2920 possessas,
600 2846 657 2906 sed
678 2846 813 2907 eontinet
832 2853 862 2907 et
882 2847 1029 2906 maiorem
1049 2845 1151 2906 virtuti

171 2939 246 2984 suae
261 2926 417 2986 materiam
433 2927 654 2990 subministrari
671 2933 741 2990 vult.

141 3011 157 3062 1
231 3008 321 3067 xxti.
345 3009 422 3083 Quid
438 3019 538 3072 autem
553 3013 637 3074 dubii
652 3022 714 3086 est,
731 3014 804 3090 quin
819 3013 896 3074 bueo
911 3015 1008 3074 maior
1022 3013 1151 3074 materia

169 3091 301 3166 sapienti
316 3091 382 3152 viro
398 3095 436 3154 sit
451 3097 582 3156 animum
598 3097 773 3173 explicandi
786 3113 874 3158 suum
887 3097 916 3157 in
929 3098 1042 3158 divitiis
1056 3115 1150 3172 quam

168 3173 198 3234 in
222 3185 416 3251 paupertate,
440 3195 508 3238 curn
528 3179 558 3239 in
579 3181 637 3241 hae
658 3197 751 3243 unum
772 3197 868 3258 genas
887 3182 1005 3242 virtutis
1026 3181 1150 3242 sitnon

167 3258 305 3319 inclinari
319 3275 376 3320 nee
392 3261 535 3336 deprimi,
561 3265 591 3322 in
608 3264 719 3326 divitiis
735 3274 765 3327 et
779 3265 979 3342 temperantia
993 3271 1023 3324 et
1036 3264 1149 3324 libera-

167 3342 235 3402 litas
256 3349 286 3402 et
306 3343 462 3418 diligentia
484 3353 514 3405 et
536 3347 699 3422 dispositio
721 3357 751 3410 et
765 3349 989 3426 magnificentia
1004 3363 1150 3425 campum

137 3425 276 3486 ahabeat
300 3435 463 3501 patentem.
502 3429 568 3490 Non
598 3439 771 3493 contemnet
797 3449 832 3494 se
859 3433 1000 3508 sapiens,
1027 3433 1149 3494 etiarnsi
1258 3495 1259 3528 ,

165 3510 256 3570 luerit
275 3508 416 3601 minimae
436 3518 583 3589 staturae,
605 3531 678 3576 esse
698 3523 799 3576 tamen
821 3531 855 3577 se
875 3529 1038 3591 procerum
1053 3517 1148 3576 volet.
