2528 3906
269 251 367 310 utut.
382 217 434 310 tv.
457 251 508 310 ou
526 250 594 310 ιιιι
611 249 683 310 rra.
701 250 737 309 ιι.
755 220 888 313 ιε’-ει.
1018 247 1058 312 73

36 445 37 448 ,
84 405 149 466 tiam
166 410 269 478 captat
281 409 311 463 et
324 403 409 477 fingit
422 401 571 476 iniuriam,
587 409 618 462 ut
632 401 773 464 videatur
787 403 924 464 doluisse
939 405 1058 464 iactam.

39 489 42 540 i
83 495 127 548 est
139 487 251 562 aliquis
265 485 415 560 malignus
434 486 529 560 etqui
545 487 692 546 amicitias
706 481 897 548 cohaerentis
913 486 1060 548 diducere

85 570 159 632 velit.
191 577 240 630 est
261 571 431 646 [suspicax]
452 577 483 629 et
504 569 553 643 qui
575 577 716 644 spectaro
737 571 827 631 ludos
849 571 952 646 cupiat
972 579 1059 632 etex

47 653 50 702 ἒ
84 654 246 729 onginquo
266 661 394 728 tutoque
414 653 590 727 speculetur
613 669 692 729 quos
714 654 832 714 collisit.
870 655 915 714 De
934 655 1090 730 parvulas

52 741 56 810 ἓ
84 753 198 800 summa
217 737 388 798 iudicaturo
408 737 461 796 tibi
481 752 532 796 res
548 737 615 796 sine
628 744 705 798 teste
721 753 781 797 non
799 737 988 813 probaretur.
1017 746 1060 798 te

56 823 136 886 {stis
160 822 227 880 sine
254 813 447 880 iureiurando
477 837 538 880 non
559 821 683 884 valeret.
717 821 840 896 utrique
867 823 946 897 parti
969 821 1060 882 dares

59 889 247 984 lactionem,
264 904 355 964 dares
370 912 507 979 tempus
523 921 583 966 non
601 905 694 964 semel
710 905 843 964 audires.
870 920 968 980 magis
983 920 1062 964 enum

64 989 194 1048 ueritas
211 989 310 1048 elucet
326 1004 387 1063 quo
402 987 527 1062 saepius
542 989 580 1048 ad
596 1004 716 1048 manum
731 991 827 1048 venit·
844 990 972 1048 amicum
988 1004 1061 1048 con
1135 1020 1137 1023 -

72 1113 75 1152 ,
71 1073 209 1132 demnas
226 1072 264 1130 dc
279 1071 516 1146 praesentibust
529 1071 693 1146 antequam
705 1071 821 1146 audias,
838 1080 1002 1147 antequam
1017 1070 1061 1131 in·

75 1165 80 1220 l
94 1171 228 1230 errogeS,
245 1154 406 1230 antequam
420 1154 462 1213 illi
476 1161 529 1214 aut
542 1163 752 1216 accusatorem
764 1171 852 1216 suum
865 1170 960 1216 nosse
974 1155 1064 1216 liceat

86 1249 133 1314 Ιιιῖ
148 1239 270 1310 crimen,
286 1237 450 1298 irasceris?
464 1239 524 1298 iam
539 1239 632 1312 enim,
649 1239 708 1302 inm
722 1239 874 1314 utrimque
890 1237 963 1314 quid
980 1240 1061 1298 dice·

90 1329 165 1386 ‚atur
176 1320 309 1382 audistit
322 1320 378 1381 Hic
393 1322 461 1396 ipse
477 1322 528 1398 qui
543 1323 582 1382 ad
597 1329 626 1382 te
641 1323 755 1397 detulit,
771 1323 890 1382 desinet
905 1323 1021 1394 dicere,
1037 1320 1093 1381 sil

103 1406 214 1476 rebare
229 1403 378 1466 debuerit.
410 1421 491 1478 „non
508 1413 571 1478 est,
593 1405 704 1480 inquit,
728 1407 810 1480 quod
828 1421 876 1464 me
891 1405 1062 1480 protrahas,

102 1500 142 1549 eo
154 1487 322 1563 productus
334 1489 462 1564 negabo.
479 1489 613 1566 alioquin
627 1487 700 1548 nihil
711 1505 855 1564 umquam
869 1489 922 1548 tibi
934 1487 1063 1548 dicam.“

101 1573 195 1632 edem
210 1579 346 1648 tempore
361 1578 391 1632 et
404 1571 529 1646 instigat
543 1579 572 1632 et
587 1573 655 1648 ipse
670 1588 705 1632 se
717 1573 870 1632 certamini
881 1585 1065 1648 pugnaeque

103 1654 243 1716 abtrahit.
277 1657 328 1731 qui
348 1656 451 1716 dicere
466 1654 521 1716 tibi
542 1655 601 1716 nisi
622 1656 699 1715 clam
712 1655 772 1716 noir
788 1657 867 1729 vult,
889 1670 989 1731 paene
1004 1671 1063 1716 non

101 1739 166 1886 iim
200 1737 273 1814 quid
299 1746 348 1800 est
371 1738 506 1814 iniquius
535 1755 626 1814 quam
653 1746 772 1800 secreto
798 1740 939 1814 credere,
966 1741 1065 1814 palam

109 1821 199 1884 ascia

98 1925 100 1970 j
146 1905 238 1974 XXX.
263 1906 458 1980 Quorundam
478 1905 537 1980 ipsi
557 1907 653 1967 testes
674 1923 791 1966 sumus.
821 1906 849 1965 in
866 1906 914 1965 his
928 1911 1094 1964 naturamt

97 1991 276 2054 licutlemus
305 1991 552 2063 voluntatemque
573 1989 756 2050 iacientium.
788 1989 867 2050 Puer
889 1996 950 2049 est:
977 1989 1067 2048 aetati

95 2067 228 2133 donetur.
257 2072 355 2134 nescit
369 2089 407 2132 an
423 2080 539 2148 peccet.
567 2081 654 2148 pater
668 2080 730 2134 est:
750 2081 801 2134 aut
814 2079 929 2132 tantum
945 2073 1066 2146 proluit,

93 2151 175 2215 utili
191 2156 280 2216 etiam
295 2157 422 2216 iniuriae
436 2157 483 2215 ius
499 2158 552 2228 sit,
574 2163 626 2217 aut
645 2158 777 2218 fortasse
790 2157 892 2232 ipsum
906 2156 966 2216 hoc
980 2155 1068 2215 meri-

91 2237 154 2294 lum
173 2240 240 2300 eius
264 2247 312 2300 est
332 2255 393 2315 quo
415 2239 607 2300 offendimur.
635 2241 742 2301 mulier
761 2247 822 2300 est·
846 2247 935 2302 errat.
964 2239 1068 2300 iussus

89 2325 152 2378 est.
171 2324 348 2384 necessitati
370 2325 439 2398 quis
460 2321 519 2382 nisi
540 2323 663 2421 iniquus
685 2331 867 2385 succenset?
886 2325 992 2384 laesus
1007 2330 1068 2384 est:

88 2417 151 2465 nou
175 2407 247 2466 esl'
239 2407 347 2468 rniuria
369 2407 432 2482 pati
454 2407 538 2482 quod
559 2410 644 2483 prior
658 2409 781 2468 leceris..
807 2408 900 2468 iudex
916 2415 977 2468 cst:
1000 2409 1069 2481 plus

87 2487 198 2550 credas
220 2489 300 2551 illius
322 2491 490 2552 sententiae
506 2508 596 2565 quam
610 2499 689 2552 tuac.
712 2507 767 2550 rex
782 2497 844 2552 esta
865 2492 892 2550 si
907 2497 1069 2552 nocentem

86 2569 192 2644 punit,
210 2575 287 2633 cede
300 2573 495 2649 iustitiae,.si
510 2576 717 2648 innocentem,
738 2575 815 2634 cede
829 2576 978 2633 lortunae.
1006 2581 1099 2634 mul

83 2660 153 2736 tum
169 2656 278 2716 animal
294 2663 342 2716 est
352 2664 403 2716 aut
414 2657 512 2718 simile
525 2667 623 2719 muto·
635 2657 759 2718 imitaris
775 2657 858 2731 illud,
875 2656 901 2716 si
916 2657 1070 2716 irasceris.

82 2737 217 2822 jmorbus
237 2747 285 2800 est
305 2747 357 2801 aut
371 2742 542 2801 calamitas.
563 2743 661 2802 levius
676 2741 841 2803 transsiliet
861 2740 1070 2801 sustinentem.

82 2820 169 2880 ¹deus
184 2831 244 2884 est
261 2829 321 2883 tam
336 2825 441 2899 perdis
446 2841 582 2910 operam
594 2841 663 2884 cum
677 2823 737 2884 illi
730 2825 883 2899 irasceris,
900 2841 990 2922 quarn
1003 2839 1071 2884 cum

87 2903 173 2964 illum
194 2907 280 2968 alteri
301 2907 438 2982 precatis
445 2895 575 2968 iratum.
610 2909 710 2968 bonus
731 2909 777 2966 vir
793 2916 841 2970 est
861 2910 912 2984 qui
933 2908 1072 2969 iniuriam

88 2987 177 3049 lecit.
170 2991 256 3051 ·noli
272 2992 407 3052 credere.
429 2993 543 3052 malus·
558 2991 744 3061 nolimirari,
761 2991 1072 3067 dabitpoenasalteri
1173 2987 1177 2994 “

80 3088 172 3150 ,quas
187 3073 280 3134 debet
292 3075 360 3150 tibi,
376 3076 479 3136 elram
494 3077 552 3136 sibi
567 3077 651 3136 dedit
666 3076 717 3152 qui
731 3077 880 3150 peccavit.

80 3175 81 3178 ¹
153 3155 258 3218 XXXI.
287 3159 367 3228 Duo
394 3166 498 3232 sunt,
525 3168 565 3220 ut
588 3160 686 3233 dixi,
710 3175 806 3234 quae
831 3158 1113 3226 iracundiaml,

80 3241 312 3309 concitant:
335 3241 507 3317 primum,
524 3243 557 3302 si
577 3241 757 3302 iniuriam
770 3244 1074 3320 videmuracce-

80 3321 212 3396 pisse.
241 3323 374 3386 dehoc
395 3327 495 3387 satis
517 3327 659 3387 dictum
681 3333 748 3387 est.
777 3325 981 3402 deindc,si
1001 3324 1074 3384 ini-

89 3422 166 3480 que
190 3409 410 3484 accepisse.
450 3412 495 3470 de
526 3411 598 3471 hoc
628 3409 834 3471 dicendum
861 3417 930 3470 est.
968 3408 1076 3478 Iniqua

81 3492 246 3562 quaedam
274 3493 410 3554 iudicant
438 3493 595 3567 nominee,
626 3493 696 3568 quia
725 3491 788 3568 pati
818 3509 879 3553 non
906 3486 1074 3559 debuerint,
