<?xml version="1.0" encoding="UTF-8"?>
<!DOCTYPE html PUBLIC "-//W3C//DTD XHTML 1.0 Transitional//EN"
    "http://www.w3.org/TR/xhtml1/DTD/xhtml1-transitional.dtd">
<html xmlns="http://www.w3.org/1999/xhtml" xml:lang="en" lang="en">
 <head>
  <title>
</title>
<meta http-equiv="Content-Type" content="text/html;charset=utf-8" />
  <meta name='ocr-system' content='tesseract 3.04.00' />
  <meta name='ocr-capabilities' content='ocr_page ocr_carea ocr_par ocr_line ocrx_word'/>
</head>
<body>
  <div class='ocr_page' id='page_1' title='image "./operaquaesupers00senegoog_0234.png"; bbox 0 0 2554 3888; ppageno 0'>
   <div class='ocr_carea' id='block_1_1' title="bbox 186 227 1097 341">
    <p class='ocr_par' dir='ltr' id='par_1_1' title="bbox 186 227 1097 341">
     <span class='ocr_line' id='line_1_1' title="bbox 186 227 1097 341; baseline 0.005 -21"><span class='ocrx_word' id='word_1_1' title='bbox 186 259 239 320; x_wconf 79' lang='lat' dir='ltr'><strong>An</strong></span> <span class='ocrx_word' id='word_1_2' title='bbox 253 256 516 318; x_wconf 72' lang='lat' dir='ltr'><strong>nostrumnon</strong></span> <span class='ocrx_word' id='word_1_3' title='bbox 531 227 833 321; x_wconf 78' lang='lat' dir='ltr'><strong>consonnuonn.</strong></span> <span class='ocrx_word' id='word_1_4' title='bbox 848 265 1012 341; x_wconf 77' lang='grc'><strong>1-5.[11.]</strong></span> <span class='ocrx_word' id='word_1_5' title='bbox 1035 262 1097 326; x_wconf 80' lang='grc'><strong>111</strong></span> 
     </span>
    </p>
   </div>
   <div class='ocr_carea' id='block_1_2' title="bbox 121 407 1099 736">
    <p class='ocr_par' dir='ltr' id='par_1_2' title="bbox 121 407 1099 736">
     <span class='ocr_line' id='line_1_2' title="bbox 121 407 1099 487; baseline 0.002 -17"><span class='ocrx_word' id='word_1_6' title='bbox 121 407 221 486; x_wconf 86' lang='lat' dir='ltr'><strong>Luget</strong></span> <span class='ocrx_word' id='word_1_7' title='bbox 235 409 382 487; x_wconf 83' lang='lat' dir='ltr'><strong>Polybius</strong></span> <span class='ocrx_word' id='word_1_8' title='bbox 408 417 438 468; x_wconf 90' lang='lat' dir='ltr'><strong>et</strong></span> <span class='ocrx_word' id='word_1_9' title='bbox 458 409 566 468; x_wconf 92' lang='lat' dir='ltr'><strong>inuno</strong></span> <span class='ocrx_word' id='word_1_10' title='bbox 586 410 677 468; x_wconf 80' lang='lat' dir='ltr'><strong>fratre</strong></span> <span class='ocrx_word' id='word_1_11' title='bbox 701 410 776 484; x_wconf 90' lang='lat' dir='ltr'><strong>quid</strong></span> <span class='ocrx_word' id='word_1_12' title='bbox 796 409 835 470; x_wconf 94' lang='lat' dir='ltr'><strong>de</strong></span> <span class='ocrx_word' id='word_1_13' title='bbox 856 411 983 485; x_wconf 85' lang='lat' dir='ltr'><strong>reliquis</strong></span> <span class='ocrx_word' id='word_1_14' title='bbox 998 413 1099 486; x_wconf 82' lang='lat' dir='ltr'>possit</span> 
     </span>
     <span class='ocr_line' id='line_1_3' title="bbox 122 491 1097 567; baseline 0.003 -13"><span class='ocrx_word' id='word_1_15' title='bbox 122 501 273 566; x_wconf 86' lang='lat' dir='ltr'><strong>metuere,</strong></span> <span class='ocrx_word' id='word_1_16' title='bbox 295 491 485 566; x_wconf 91' lang='lat' dir='ltr'><strong>admonitus,</strong></span> <span class='ocrx_word' id='word_1_17' title='bbox 506 493 595 551; x_wconf 89' lang='lat' dir='ltr'><strong>etiam</strong></span> <span class='ocrx_word' id='word_1_18' title='bbox 617 493 656 551; x_wconf 92' lang='lat' dir='ltr'><strong>de</strong></span> <span class='ocrx_word' id='word_1_19' title='bbox 678 492 755 567; x_wconf 89' lang='lat' dir='ltr'><strong>ipsis</strong></span> <span class='ocrx_word' id='word_1_20' title='bbox 777 493 894 554; x_wconf 90' lang='lat' dir='ltr'><strong>doloris</strong></span> <span class='ocrx_word' id='word_1_21' title='bbox 915 496 963 554; x_wconf 90' lang='lat' dir='ltr'><strong>sui</strong></span> <span class='ocrx_word' id='word_1_22' title='bbox 979 496 1097 557; x_wconf 88' lang='lat' dir='ltr'><strong>solatiis</strong></span> 
     </span>
     <span class='ocr_line' id='line_1_4' title="bbox 121 575 1096 655; baseline 0.003 -18"><span class='ocrx_word' id='word_1_23' title='bbox 121 579 216 637; x_wconf 90' lang='lat' dir='ltr'><strong>timet.</strong></span> <span class='ocrx_word' id='word_1_24' title='bbox 239 577 358 636; x_wconf 89' lang='lat' dir='ltr'><strong>lacinus</strong></span> <span class='ocrx_word' id='word_1_25' title='bbox 372 575 543 650; x_wconf 86' lang='lat' dir='ltr'><strong>indignum!</strong></span> <span class='ocrx_word' id='word_1_26' title='bbox 560 575 643 650; x_wconf 91' lang='lat' dir='ltr'><strong>luget</strong></span> <span class='ocrx_word' id='word_1_27' title='bbox 656 575 802 654; x_wconf 75' lang='lat' dir='ltr'>Polybius</span> <span class='ocrx_word' id='word_1_28' title='bbox 818 585 848 637; x_wconf 90' lang='grc'><strong>11</strong></span> <span class='ocrx_word' id='word_1_29' title='bbox 863 577 978 653; x_wconf 91' lang='lat' dir='ltr'><strong>aliquid</strong></span> <span class='ocrx_word' id='word_1_30' title='bbox 994 581 1096 655; x_wconf 91' lang='lat' dir='ltr'><strong>propi·</strong></span> 
     </span>
     <span class='ocr_line' id='line_1_5' title="bbox 122 658 1095 736; baseline 0.003 -16"><span class='ocrx_word' id='word_1_31' title='bbox 122 662 164 721; x_wconf 84' lang='lat' dir='ltr'><strong>tio</strong></span> <span class='ocrx_word' id='word_1_32' title='bbox 181 661 265 720; x_wconf 90' lang='lat' dir='ltr'><strong>dolet</strong></span> <span class='ocrx_word' id='word_1_33' title='bbox 279 659 421 720; x_wconf 84' lang='lat' dir='ltr'>Caesare.</span> <span class='ocrx_word' id='word_1_34' title='bbox 449 660 509 720; x_wconf 90' lang='lat' dir='ltr'><strong>hoo</strong></span> <span class='ocrx_word' id='word_1_35' title='bbox 524 661 591 719; x_wconf 89' lang='lat' dir='ltr'><strong>sine</strong></span> <span class='ocrx_word' id='word_1_36' title='bbox 606 658 714 733; x_wconf 89' lang='lat' dir='ltr'><strong>dubio,</strong></span> <span class='ocrx_word' id='word_1_37' title='bbox 737 661 878 735; x_wconf 82' lang='lat' dir='ltr'><strong>inpotens</strong></span> <span class='ocrx_word' id='word_1_38' title='bbox 894 663 1030 736; x_wconf 79' lang='lat' dir='ltr'><strong>senuna,</strong></span> <span class='ocrx_word' id='word_1_39' title='bbox 1047 680 1095 723; x_wconf 87' lang='lat' dir='ltr'><strong>ca-</strong></span> 
     </span>
    </p>
   </div>
   <div class='ocr_carea' id='block_1_3' title="bbox 6 741 1096 820">
    <p class='ocr_par' dir='ltr' id='par_1_3' title="bbox 6 741 1096 820">
     <span class='ocr_line' id='line_1_6' title="bbox 6 741 1096 820; baseline 0.003 -17"><span class='ocrx_word' id='word_1_40' title='bbox 6 783 7 790; x_wconf 58' lang='lat'><strong>.</strong></span> <span class='ocrx_word' id='word_1_41' title='bbox 121 744 230 820; x_wconf 86' lang='lat' dir='ltr'><strong>plastl,</strong></span> <span class='ocrx_word' id='word_1_42' title='bbox 251 754 285 803; x_wconf 91' lang='lat' dir='ltr'><strong>ut</strong></span> <span class='ocrx_word' id='word_1_43' title='bbox 306 743 486 805; x_wconf 84' lang='lat' dir='ltr'><strong>ostenderes</strong></span> <span class='ocrx_word' id='word_1_44' title='bbox 507 741 658 802; x_wconf 91' lang='lat' dir='ltr'><strong>neminem</strong></span> <span class='ocrx_word' id='word_1_45' title='bbox 678 749 784 804; x_wconf 89' lang='lat' dir='ltr'><strong>eontra</strong></span> <span class='ocrx_word' id='word_1_46' title='bbox 803 751 847 819; x_wconf 90' lang='lat' dir='ltr'><strong>tc,</strong></span> <span class='ocrx_word' id='word_1_47' title='bbox 872 761 911 804; x_wconf 92' lang='lat' dir='ltr'><strong>ne</strong></span> <span class='ocrx_word' id='word_1_48' title='bbox 932 746 1096 806; x_wconf 84' lang='lat' dir='ltr'><strong>aCaesare</strong></span> 
     </span>
    </p>
   </div>
   <div class='ocr_carea' id='block_1_4' title="bbox 6 827 1143 2826">
    <p class='ocr_par' dir='ltr' id='par_1_4' title="bbox 51 827 533 904">
     <span class='ocr_line' id='line_1_7' title="bbox 51 827 533 904; baseline 0 -18"><span class='ocrx_word' id='word_1_49' title='bbox 51 871 59 886; x_wconf 90' lang='lat'><strong>.</strong></span> <span class='ocrx_word' id='word_1_50' title='bbox 122 828 249 904; x_wconf 89' lang='lat' dir='ltr'><strong>quidem</strong></span> <span class='ocrx_word' id='word_1_51' title='bbox 263 843 360 902; x_wconf 93' lang='lat' dir='ltr'><strong>posse</strong></span> <span class='ocrx_word' id='word_1_52' title='bbox 374 827 533 886; x_wconf 87' lang='lat' dir='ltr'><strong>delendi.“</strong></span> 
     </span>
    </p>

    <p class='ocr_par' dir='ltr' id='par_1_5' title="bbox 6 910 1143 2408">
     <span class='ocr_line' id='line_1_8' title="bbox 6 910 1128 986; baseline 0.004 -17"><span class='ocrx_word' id='word_1_53' title='bbox 6 949 7 984; x_wconf 54' lang='lat'>2</span> <span class='ocrx_word' id='word_1_54' title='bbox 182 912 235 972; x_wconf 86' lang='lat' dir='ltr'><strong>IV.</strong></span> <span class='ocrx_word' id='word_1_55' title='bbox 259 915 325 983; x_wconf 68' lang='grc'><strong>[11]</strong></span> <span class='ocrx_word' id='word_1_56' title='bbox 347 910 466 971; x_wconf 83' lang='lat' dir='ltr'><strong>Diutius</strong></span> <span class='ocrx_word' id='word_1_57' title='bbox 479 926 627 971; x_wconf 86' lang='lat' dir='ltr'><strong>accusare</strong></span> <span class='ocrx_word' id='word_1_58' title='bbox 640 911 702 970; x_wconf 84' lang='lat' dir='ltr'><strong>leta</strong></span> <span class='ocrx_word' id='word_1_59' title='bbox 713 927 890 986; x_wconf 90' lang='lat' dir='ltr'><strong>possumus,</strong></span> <span class='ocrx_word' id='word_1_60' title='bbox 907 919 1023 972; x_wconf 87' lang='lat' dir='ltr'><strong>mutare</strong></span> <span class='ocrx_word' id='word_1_61' title='bbox 1035 930 1095 973; x_wconf 94' lang='lat' dir='ltr'><strong>non</strong></span> <span class='ocrx_word' id='word_1_62' title='bbox 1114 923 1128 974; x_wconf 94' lang='lat'><em>1</em></span> 
     </span>
     <span class='ocr_line' id='line_1_9' title="bbox 6 989 1097 1070; baseline 0.002 -14"><span class='ocrx_word' id='word_1_63' title='bbox 6 989 8 1016; x_wconf 63' lang='lat'><em>³</em></span> <span class='ocrx_word' id='word_1_64' title='bbox 111 1011 306 1070; x_wconf 81' lang='lat' dir='ltr'><strong>possumus:</strong></span> <span class='ocrx_word' id='word_1_65' title='bbox 322 1002 403 1054; x_wconf 85' lang='lat' dir='ltr'><strong>stant</strong></span> <span class='ocrx_word' id='word_1_66' title='bbox 417 994 495 1064; x_wconf 87' lang='lat' dir='ltr'><strong>dura</strong></span> <span class='ocrx_word' id='word_1_67' title='bbox 510 1002 540 1054; x_wconf 90' lang='lat' dir='ltr'><strong>et</strong></span> <span class='ocrx_word' id='word_1_68' title='bbox 551 995 759 1055; x_wconf 81' lang='lat' dir='ltr'><strong>inexorabilia.</strong></span> <span class='ocrx_word' id='word_1_69' title='bbox 781 1011 872 1054; x_wconf 94' lang='lat' dir='ltr'><strong>nemo</strong></span> <span class='ocrx_word' id='word_1_70' title='bbox 883 996 935 1055; x_wconf 91' lang='lat' dir='ltr'><strong>illa</strong></span> <span class='ocrx_word' id='word_1_71' title='bbox 948 997 1097 1070; x_wconf 90' lang='lat' dir='ltr'><strong>convicio,</strong></span> 
     </span>
     <span class='ocr_line' id='line_1_10' title="bbox 121 1077 1097 1159; baseline 0.003 -22"><span class='ocrx_word' id='word_1_72' title='bbox 121 1093 212 1138; x_wconf 91' lang='lat' dir='ltr'><strong>nemo</strong></span> <span class='ocrx_word' id='word_1_73' title='bbox 234 1077 323 1147; x_wconf 85' lang='lat' dir='ltr'><strong>fletu,</strong></span> <span class='ocrx_word' id='word_1_74' title='bbox 346 1093 436 1138; x_wconf 90' lang='lat' dir='ltr'><strong>nemo</strong></span> <span class='ocrx_word' id='word_1_75' title='bbox 458 1093 552 1138; x_wconf 85' lang='lat' dir='ltr'><strong>eausa</strong></span> <span class='ocrx_word' id='word_1_76' title='bbox 567 1085 678 1138; x_wconf 89' lang='lat' dir='ltr'><strong>movet.</strong></span> <span class='ocrx_word' id='word_1_77' title='bbox 697 1079 770 1137; x_wconf 88' lang='lat' dir='ltr'><strong>nihil</strong></span> <span class='ocrx_word' id='word_1_78' title='bbox 786 1095 930 1154; x_wconf 91' lang='lat' dir='ltr'><strong>umquam</strong></span> <span class='ocrx_word' id='word_1_79' title='bbox 945 1080 1097 1159; x_wconf 87' lang='lat' dir='ltr'><strong>[parcunt]</strong></span> 
     </span>
     <span class='ocr_line' id='line_1_11' title="bbox 120 1161 1135 1237; baseline 0.001 -15"><span class='ocrx_word' id='word_1_80' title='bbox 120 1163 174 1222; x_wconf 91' lang='lat' dir='ltr'><strong>ulli</strong></span> <span class='ocrx_word' id='word_1_81' title='bbox 191 1167 270 1236; x_wconf 90' lang='lat' dir='ltr'><strong>[nec]</strong></span> <span class='ocrx_word' id='word_1_82' title='bbox 287 1163 450 1222; x_wconf 85' lang='lat' dir='ltr'><strong>remittunt.</strong></span> <span class='ocrx_word' id='word_1_83' title='bbox 472 1161 604 1221; x_wconf 83' lang='lat' dir='ltr'><strong>Proinde</strong></span> <span class='ocrx_word' id='word_1_84' title='bbox 618 1177 781 1236; x_wconf 88' lang='lat' dir='ltr'><strong>parcamus</strong></span> <span class='ocrx_word' id='word_1_85' title='bbox 797 1163 930 1222; x_wconf 80' lang='lat' dir='ltr'><strong>lacrimis</strong></span> <span class='ocrx_word' id='word_1_86' title='bbox 942 1163 1015 1223; x_wconf 93' lang='lat' dir='ltr'><strong>nihil</strong></span> <span class='ocrx_word' id='word_1_87' title='bbox 1027 1180 1097 1237; x_wconf 89' lang='lat' dir='ltr'><strong>pro·</strong></span> <span class='ocrx_word' id='word_1_88' title='bbox 1132 1167 1135 1171; x_wconf 83' lang='lat'>&#39;</span> 
     </span>
     <span class='ocr_line' id='line_1_12' title="bbox 120 1245 1097 1321; baseline 0.001 -15"><span class='ocrx_word' id='word_1_89' title='bbox 120 1246 305 1306; x_wconf 80' lang='lat' dir='ltr'><strong>delentibus.</strong></span> <span class='ocrx_word' id='word_1_90' title='bbox 338 1245 457 1306; x_wconf 78' lang='lat' dir='ltr'><strong>facilius</strong></span> <span class='ocrx_word' id='word_1_91' title='bbox 478 1246 559 1309; x_wconf 89' lang='lat' dir='ltr'><strong>enim</strong></span> <span class='ocrx_word' id='word_1_92' title='bbox 574 1261 632 1304; x_wconf 92' lang='lat' dir='ltr'><strong>nos</strong></span> <span class='ocrx_word' id='word_1_93' title='bbox 646 1246 687 1304; x_wconf 88' lang='lat' dir='ltr'><strong>illl</strong></span> <span class='ocrx_word' id='word_1_94' title='bbox 703 1245 792 1306; x_wconf 86' lang='lat' dir='ltr'><strong>dolor</strong></span> <span class='ocrx_word' id='word_1_95' title='bbox 806 1245 870 1305; x_wconf 87' lang='lat' dir='ltr'><strong>iste&#39;</strong></span> <span class='ocrx_word' id='word_1_96' title='bbox 879 1247 990 1307; x_wconf 87' lang='lat' dir='ltr'><strong>adiciet</strong></span> <span class='ocrx_word' id='word_1_97' title='bbox 1005 1265 1097 1321; x_wconf 93' lang='lat' dir='ltr'><strong>quam</strong></span> 
     </span>
     <span class='ocr_line' id='line_1_13' title="bbox 118 1327 1143 1404; baseline 0 -15"><span class='ocrx_word' id='word_1_98' title='bbox 118 1331 203 1389; x_wconf 90' lang='lat' dir='ltr'><strong>illum</strong></span> <span class='ocrx_word' id='word_1_99' title='bbox 229 1329 320 1388; x_wconf 90' lang='lat' dir='ltr'><strong>nobis</strong></span> <span class='ocrx_word' id='word_1_100' title='bbox 344 1329 479 1389; x_wconf 83' lang='lat' dir='ltr'><strong>reducet.</strong></span> <span class='ocrx_word' id='word_1_101' title='bbox 515 1327 567 1404; x_wconf 93' lang='lat' dir='ltr'><strong>qui</strong></span> <span class='ocrx_word' id='word_1_102' title='bbox 592 1329 618 1386; x_wconf 92' lang='lat' dir='ltr'><strong>si</strong></span> <span class='ocrx_word' id='word_1_103' title='bbox 644 1345 702 1388; x_wconf 92' lang='lat' dir='ltr'><strong>nos</strong></span> <span class='ocrx_word' id='word_1_104' title='bbox 721 1335 857 1403; x_wconf 88' lang='lat' dir='ltr'><strong>torquet,</strong></span> <span class='ocrx_word' id='word_1_105' title='bbox 878 1347 939 1390; x_wconf 94' lang='lat' dir='ltr'><strong>non</strong></span> <span class='ocrx_word' id='word_1_106' title='bbox 958 1330 1095 1402; x_wconf 91' lang='lat' dir='ltr'><strong>adiuvat,</strong></span> <span class='ocrx_word' id='word_1_107' title='bbox 1140 1384 1143 1389; x_wconf 90' lang='lat'><strong>.</strong></span> 
     </span>
     <span class='ocr_line' id='line_1_14' title="bbox 120 1413 1096 1488; baseline 0.002 -17"><span class='ocrx_word' id='word_1_108' title='bbox 120 1414 219 1488; x_wconf 85' lang='lat' dir='ltr'><strong>primo</strong></span> <span class='ocrx_word' id='word_1_109' title='bbox 249 1429 374 1488; x_wconf 86' lang='lat' dir='ltr'><strong>quoque</strong></span> <span class='ocrx_word' id='word_1_110' title='bbox 396 1419 532 1487; x_wconf 88' lang='lat' dir='ltr'><strong>tempore</strong></span> <span class='ocrx_word' id='word_1_111' title='bbox 551 1413 754 1486; x_wconf 89' lang='lat' dir='ltr'><strong>deponendus</strong></span> <span class='ocrx_word' id='word_1_112' title='bbox 775 1419 823 1471; x_wconf 89' lang='lat' dir='ltr'><strong>est</strong></span> <span class='ocrx_word' id='word_1_113' title='bbox 843 1419 873 1471; x_wconf 90' lang='lat' dir='ltr'><strong>et</strong></span> <span class='ocrx_word' id='word_1_114' title='bbox 893 1415 931 1472; x_wconf 91' lang='lat' dir='ltr'><strong>ab</strong></span> <span class='ocrx_word' id='word_1_115' title='bbox 953 1414 1096 1474; x_wconf 92' lang='lat' dir='ltr'><strong>inanibus</strong></span> 
     </span>
     <span class='ocr_line' id='line_1_15' title="bbox 120 1495 1097 1576; baseline 0 -20"><span class='ocrx_word' id='word_1_116' title='bbox 120 1497 239 1557; x_wconf 88' lang='lat' dir='ltr'><strong>solatiis</strong></span> <span class='ocrx_word' id='word_1_117' title='bbox 255 1503 348 1571; x_wconf 88' lang='lat' dir='ltr'><strong>atque</strong></span> <span class='ocrx_word' id='word_1_118' title='bbox 363 1511 466 1555; x_wconf 86' lang='lat' dir='ltr'><strong>amara</strong></span> <span class='ocrx_word' id='word_1_119' title='bbox 483 1497 615 1570; x_wconf 89' lang='lat' dir='ltr'><strong>quadam</strong></span> <span class='ocrx_word' id='word_1_120' title='bbox 631 1495 757 1576; x_wconf 86' lang='lat' dir='ltr'><strong>libidine</strong></span> <span class='ocrx_word' id='word_1_121' title='bbox 775 1495 899 1554; x_wconf 91' lang='lat' dir='ltr'><strong>dolendi</strong></span> <span class='ocrx_word' id='word_1_122' title='bbox 914 1497 1033 1556; x_wconf 89' lang='lat' dir='ltr'><strong>animus</strong></span> <span class='ocrx_word' id='word_1_123' title='bbox 1049 1513 1097 1556; x_wconf 90' lang='lat' dir='ltr'><strong>re-</strong></span> 
     </span>
     <span class='ocr_line' id='line_1_16' title="bbox 117 1578 1129 1654; baseline 0.001 -15"><span class='ocrx_word' id='word_1_124' title='bbox 117 1579 284 1654; x_wconf 90' lang='lat' dir='ltr'><strong>cipiendus</strong></span> <span class='ocrx_word' id='word_1_125' title='bbox 302 1587 358 1640; x_wconf 90' lang='lat' dir='ltr'><strong>est.</strong></span> <span class='ocrx_word' id='word_1_126' title='bbox 387 1579 461 1638; x_wconf 85' lang='lat' dir='ltr'><strong>Nem</strong></span> <span class='ocrx_word' id='word_1_127' title='bbox 478 1578 610 1639; x_wconf 81' lang='lat' dir='ltr'><strong>lacrimis</strong></span> <span class='ocrx_word' id='word_1_128' title='bbox 625 1579 755 1650; x_wconf 88' lang='lat' dir='ltr'><strong>nostris,</strong></span> <span class='ocrx_word' id='word_1_129' title='bbox 777 1579 836 1638; x_wconf 92' lang='lat' dir='ltr'><strong>nisi</strong></span> <span class='ocrx_word' id='word_1_130' title='bbox 851 1581 929 1640; x_wconf 87' lang='lat' dir='ltr'><strong>ratio</strong></span> <span class='ocrx_word' id='word_1_131' title='bbox 946 1581 1129 1640; x_wconf 80' lang='grc'><strong>1111111111</strong></span> 
     </span>
     <span class='ocr_line' id='line_1_17' title="bbox 116 1661 1097 1738; baseline 0 -16"><span class='ocrx_word' id='word_1_132' title='bbox 116 1663 210 1734; x_wconf 86' lang='grc'><strong>11111,</strong></span> <span class='ocrx_word' id='word_1_133' title='bbox 226 1664 420 1723; x_wconf 81' lang='grc'><strong>1111111101</strong></span> <span class='ocrx_word' id='word_1_134' title='bbox 437 1661 536 1722; x_wconf 88' lang='lat' dir='ltr'><strong>laciet.</strong></span> <span class='ocrx_word' id='word_1_135' title='bbox 559 1663 658 1723; x_wconf 92' lang='lat' dir='ltr'><strong>omnis</strong></span> <span class='ocrx_word' id='word_1_136' title='bbox 672 1663 804 1738; x_wconf 87' lang='lat' dir='ltr'><strong>agedum</strong></span> <span class='ocrx_word' id='word_1_137' title='bbox 820 1663 954 1724; x_wconf 87' lang='lat' dir='ltr'><strong>mortalis</strong></span> <span class='ocrx_word' id='word_1_138' title='bbox 970 1665 1097 1724; x_wconf 87' lang='lat' dir='ltr'><strong>circum-</strong></span> 
     </span>
     <span class='ocr_line' id='line_1_18' title="bbox 117 1745 1097 1822; baseline 0.002 -17"><span class='ocrx_word' id='word_1_139' title='bbox 117 1746 222 1822; x_wconf 88' lang='lat' dir='ltr'><strong>spice:</strong></span> <span class='ocrx_word' id='word_1_140' title='bbox 245 1748 339 1820; x_wconf 36' lang='lat' dir='ltr'><strong>larga*</strong></span> <span class='ocrx_word' id='word_1_141' title='bbox 349 1747 461 1820; x_wconf 89' lang='lat' dir='ltr'><strong>ubique</strong></span> <span class='ocrx_word' id='word_1_142' title='bbox 476 1745 570 1806; x_wconf 88' lang='lat' dir='ltr'><strong>llendi</strong></span> <span class='ocrx_word' id='word_1_143' title='bbox 586 1753 616 1806; x_wconf 90' lang='lat' dir='ltr'><strong>et</strong></span> <span class='ocrx_word' id='word_1_144' title='bbox 630 1747 762 1806; x_wconf 85' lang='lat' dir='ltr'><strong>adsidua</strong></span> <span class='ocrx_word' id='word_1_145' title='bbox 776 1745 902 1806; x_wconf 88' lang='lat' dir='ltr'><strong>materia</strong></span> <span class='ocrx_word' id='word_1_146' title='bbox 918 1756 975 1808; x_wconf 91' lang='lat' dir='ltr'><strong>est.</strong></span> <span class='ocrx_word' id='word_1_147' title='bbox 1005 1749 1097 1809; x_wconf 90' lang='lat' dir='ltr'><strong>alium</strong></span> 
     </span>
     <span class='ocr_line' id='line_1_19' title="bbox 118 1829 1097 1905; baseline 0 -15"><span class='ocrx_word' id='word_1_148' title='bbox 118 1831 159 1890; x_wconf 90' lang='lat' dir='ltr'><strong>ad</strong></span> <span class='ocrx_word' id='word_1_149' title='bbox 180 1829 365 1890; x_wconf 89' lang='lat' dir='ltr'><strong>cotidianum</strong></span> <span class='ocrx_word' id='word_1_150' title='bbox 386 1845 467 1904; x_wconf 90' lang='lat' dir='ltr'><strong>opus</strong></span> <span class='ocrx_word' id='word_1_151' title='bbox 489 1830 645 1890; x_wconf 89' lang='lat' dir='ltr'><strong>laboriosa</strong></span> <span class='ocrx_word' id='word_1_152' title='bbox 659 1837 782 1904; x_wconf 80' lang='lat' dir='ltr'><strong>egestas</strong></span> <span class='ocrx_word' id='word_1_153' title='bbox 798 1839 904 1905; x_wconf 89' lang='lat' dir='ltr'><strong>vocat,</strong></span> <span class='ocrx_word' id='word_1_154' title='bbox 927 1831 1017 1890; x_wconf 90' lang='lat' dir='ltr'><strong>alium</strong></span> <span class='ocrx_word' id='word_1_155' title='bbox 1035 1848 1097 1890; x_wconf 91' lang='lat' dir='ltr'><strong>am·</strong></span> 
     </span>
     <span class='ocr_line' id='line_1_20' title="bbox 117 1913 1096 1990; baseline 0.001 -17"><span class='ocrx_word' id='word_1_156' title='bbox 117 1915 192 1974; x_wconf 82' lang='lat' dir='ltr'><strong>bitio</strong></span> <span class='ocrx_word' id='word_1_157' title='bbox 208 1929 374 1988; x_wconf 88' lang='lat' dir='ltr'><strong>numquam</strong></span> <span class='ocrx_word' id='word_1_158' title='bbox 391 1914 494 1990; x_wconf 91' lang='lat' dir='ltr'><strong>quieta</strong></span> <span class='ocrx_word' id='word_1_159' title='bbox 509 1913 659 1986; x_wconf 90' lang='lat' dir='ltr'><strong>sollicitat,</strong></span> <span class='ocrx_word' id='word_1_160' title='bbox 676 1914 755 1974; x_wconf 87' lang='lat' dir='ltr'><strong>alius</strong></span> <span class='ocrx_word' id='word_1_161' title='bbox 771 1913 900 1986; x_wconf 87' lang='lat' dir='ltr'><strong>divitias,</strong></span> <span class='ocrx_word' id='word_1_162' title='bbox 916 1930 994 1988; x_wconf 89' lang='lat' dir='ltr'><strong>quas</strong></span> <span class='ocrx_word' id='word_1_163' title='bbox 1011 1921 1096 1989; x_wconf 90' lang='lat' dir='ltr'><strong>opta·</strong></span> 
     </span>
     <span class='ocr_line' id='line_1_21' title="bbox 117 1997 1097 2071; baseline 0.003 -16"><span class='ocrx_word' id='word_1_164' title='bbox 117 2003 213 2071; x_wconf 89' lang='lat' dir='ltr'><strong>verat,</strong></span> <span class='ocrx_word' id='word_1_165' title='bbox 229 1998 334 2057; x_wconf 90' lang='lat' dir='ltr'><strong>metuit</strong></span> <span class='ocrx_word' id='word_1_166' title='bbox 350 2005 380 2058; x_wconf 90' lang='lat' dir='ltr'><strong>et</strong></span> <span class='ocrx_word' id='word_1_167' title='bbox 396 2004 466 2057; x_wconf 90' lang='lat' dir='ltr'><strong>voto</strong></span> <span class='ocrx_word' id='word_1_168' title='bbox 485 1997 603 2057; x_wconf 89' lang='lat' dir='ltr'><strong>laborat</strong></span> <span class='ocrx_word' id='word_1_169' title='bbox 617 2013 684 2070; x_wconf 91' lang='lat' dir='ltr'><strong>suo,</strong></span> <span class='ocrx_word' id='word_1_170' title='bbox 700 1998 792 2056; x_wconf 84' lang='lat' dir='ltr'><strong>alium</strong></span> <span class='ocrx_word' id='word_1_171' title='bbox 807 1998 991 2070; x_wconf 89' lang='lat' dir='ltr'><strong>sollicitudo,</strong></span> <span class='ocrx_word' id='word_1_172' title='bbox 1004 1998 1097 2058; x_wconf 90' lang='lat' dir='ltr'><strong>alium</strong></span> 
     </span>
     <span class='ocr_line' id='line_1_22' title="bbox 117 2081 1096 2156; baseline 0 -16"><span class='ocrx_word' id='word_1_173' title='bbox 117 2081 206 2142; x_wconf 88' lang='lat' dir='ltr'><strong>labor</strong></span> <span class='ocrx_word' id='word_1_174' title='bbox 223 2089 363 2156; x_wconf 79' lang='lat' dir='ltr'><strong>torquet,</strong></span> <span class='ocrx_word' id='word_1_175' title='bbox 386 2082 477 2142; x_wconf 85' lang='lat' dir='ltr'><strong>alium</strong></span> <span class='ocrx_word' id='word_1_176' title='bbox 499 2095 622 2154; x_wconf 89' lang='lat' dir='ltr'><strong>semper</strong></span> <span class='ocrx_word' id='word_1_177' title='bbox 638 2081 819 2142; x_wconf 90' lang='lat' dir='ltr'><strong>vestibulum</strong></span> <span class='ocrx_word' id='word_1_178' title='bbox 835 2081 983 2142; x_wconf 89' lang='lat' dir='ltr'><strong>obsidens</strong></span> <span class='ocrx_word' id='word_1_179' title='bbox 998 2083 1096 2143; x_wconf 88' lang='lat' dir='ltr'><strong>turba.</strong></span> 
     </span>
     <span class='ocr_line' id='line_1_23' title="bbox 117 2163 1126 2239; baseline 0.001 -16"><span class='ocrx_word' id='word_1_180' title='bbox 117 2165 167 2224; x_wconf 88' lang='lat' dir='ltr'><strong>hic</strong></span> <span class='ocrx_word' id='word_1_181' title='bbox 182 2163 295 2224; x_wconf 86' lang='lat' dir='ltr'><strong>habere</strong></span> <span class='ocrx_word' id='word_1_182' title='bbox 311 2181 346 2226; x_wconf 91' lang='lat' dir='ltr'><strong>se</strong></span> <span class='ocrx_word' id='word_1_183' title='bbox 362 2165 446 2225; x_wconf 90' lang='lat' dir='ltr'><strong>dolet</strong></span> <span class='ocrx_word' id='word_1_184' title='bbox 460 2164 582 2234; x_wconf 89' lang='lat' dir='ltr'><strong>liberos,</strong></span> <span class='ocrx_word' id='word_1_185' title='bbox 598 2164 648 2224; x_wconf 89' lang='lat' dir='ltr'><strong>hie</strong></span> <span class='ocrx_word' id='word_1_186' title='bbox 663 2165 846 2239; x_wconf 81' lang='lat' dir='ltr'><strong>perdidisse.</strong></span> <span class='ocrx_word' id='word_1_187' title='bbox 869 2165 1027 2226; x_wconf 81' lang='lat' dir='ltr'><strong>Lacrimae</strong></span> <span class='ocrx_word' id='word_1_188' title='bbox 1042 2172 1126 2225; x_wconf 83' lang='lat' dir='ltr'><strong>no-3</strong></span> 
     </span>
     <span class='ocr_line' id='line_1_24' title="bbox 116 2248 1095 2325; baseline 0.002 -19"><span class='ocrx_word' id='word_1_189' title='bbox 116 2248 164 2307; x_wconf 86' lang='lat' dir='ltr'><strong>bis</strong></span> <span class='ocrx_word' id='word_1_190' title='bbox 181 2249 310 2310; x_wconf 87' lang='lat' dir='ltr'><strong>deerunt</strong></span> <span class='ocrx_word' id='word_1_191' title='bbox 325 2257 395 2308; x_wconf 85' lang='lat' dir='ltr'><strong>ante</strong></span> <span class='ocrx_word' id='word_1_192' title='bbox 407 2265 498 2324; x_wconf 92' lang='lat' dir='ltr'><strong>quam</strong></span> <span class='ocrx_word' id='word_1_193' title='bbox 510 2263 624 2308; x_wconf 88' lang='lat' dir='ltr'><strong>causae</strong></span> <span class='ocrx_word' id='word_1_194' title='bbox 634 2248 769 2310; x_wconf 89' lang='lat' dir='ltr'><strong>dolendi.</strong></span> <span class='ocrx_word' id='word_1_195' title='bbox 783 2251 850 2310; x_wconf 88' lang='lat' dir='ltr'><strong>Non</strong></span> <span class='ocrx_word' id='word_1_196' title='bbox 862 2250 961 2322; x_wconf 90' lang='lat' dir='ltr'><strong>vides,</strong></span> <span class='ocrx_word' id='word_1_197' title='bbox 975 2251 1095 2325; x_wconf 91' lang='lat' dir='ltr'><strong>qualem</strong></span> 
     </span>
     <span class='ocr_line' id='line_1_25' title="bbox 115 2331 1095 2408; baseline 0.002 -18"><span class='ocrx_word' id='word_1_198' title='bbox 115 2333 207 2392; x_wconf 91' lang='lat' dir='ltr'><strong>nobis</strong></span> <span class='ocrx_word' id='word_1_199' title='bbox 230 2332 319 2392; x_wconf 90' lang='lat' dir='ltr'><strong>vitam</strong></span> <span class='ocrx_word' id='word_1_200' title='bbox 341 2348 442 2392; x_wconf 85' lang='lat' dir='ltr'><strong>rerum</strong></span> <span class='ocrx_word' id='word_1_201' title='bbox 463 2339 572 2392; x_wconf 85' lang='lat' dir='ltr'><strong>natura</strong></span> <span class='ocrx_word' id='word_1_202' title='bbox 593 2331 780 2407; x_wconf 82' lang='lat' dir='ltr'><strong>promiserit,</strong></span> <span class='ocrx_word' id='word_1_203' title='bbox 804 2349 883 2408; x_wconf 87' lang='lat' dir='ltr'><strong>quae</strong></span> <span class='ocrx_word' id='word_1_204' title='bbox 898 2333 1025 2408; x_wconf 89' lang='lat' dir='ltr'><strong>primum</strong></span> <span class='ocrx_word' id='word_1_205' title='bbox 1042 2349 1095 2392; x_wconf 88' lang='lat' dir='ltr'><strong>na-</strong></span> 
     </span>
    </p>

    <p class='ocr_par' dir='ltr' id='par_1_6' title="bbox 83 2415 1096 2826">
     <span class='ocr_line' id='line_1_26' title="bbox 83 2415 1096 2491; baseline 0 -15"><span class='ocrx_word' id='word_1_206' title='bbox 83 2463 86 2465; x_wconf 84' lang='lat'><strong>.</strong></span> <span class='ocrx_word' id='word_1_207' title='bbox 115 2417 267 2477; x_wconf 83' lang='lat' dir='ltr'><strong>suentium</strong></span> <span class='ocrx_word' id='word_1_208' title='bbox 289 2416 443 2477; x_wconf 91' lang='lat' dir='ltr'><strong>hominum</strong></span> <span class='ocrx_word' id='word_1_209' title='bbox 459 2415 564 2477; x_wconf 84' lang='lat' dir='ltr'><strong>rictum</strong></span> <span class='ocrx_word' id='word_1_210' title='bbox 578 2431 650 2476; x_wconf 86' lang='lat' dir='ltr'><strong>esse</strong></span> <span class='ocrx_word' id='word_1_211' title='bbox 663 2415 780 2476; x_wconf 79' lang='lat' dir='ltr'><strong>voluitt</strong></span> <span class='ocrx_word' id='word_1_212' title='bbox 803 2418 866 2477; x_wconf 84' lang='lat' dir='ltr'><strong>lnoc</strong></span> <span class='ocrx_word' id='word_1_213' title='bbox 882 2417 1021 2491; x_wconf 83' lang='lat' dir='ltr'><strong>principa</strong></span> <span class='ocrx_word' id='word_1_214' title='bbox 1034 2417 1096 2476; x_wconf 89' lang='lat' dir='ltr'><strong>edi-</strong></span> 
     </span>
     <span class='ocr_line' id='line_1_27' title="bbox 115 2499 1095 2579; baseline 0.002 -21"><span class='ocrx_word' id='word_1_215' title='bbox 115 2517 192 2573; x_wconf 88' lang='lat' dir='ltr'><strong>mur,</strong></span> <span class='ocrx_word' id='word_1_216' title='bbox 210 2499 281 2561; x_wconf 88' lang='lat' dir='ltr'><strong>huic</strong></span> <span class='ocrx_word' id='word_1_217' title='bbox 295 2500 393 2560; x_wconf 93' lang='lat' dir='ltr'><strong>omnis</strong></span> <span class='ocrx_word' id='word_1_218' title='bbox 409 2501 602 2579; x_wconf 89' lang='lat' dir='ltr'><strong>sequentium</strong></span> <span class='ocrx_word' id='word_1_219' title='bbox 618 2515 766 2560; x_wconf 88' lang='lat' dir='ltr'><strong>annorum</strong></span> <span class='ocrx_word' id='word_1_220' title='bbox 783 2501 859 2560; x_wconf 89' lang='lat' dir='ltr'><strong>ordo</strong></span> <span class='ocrx_word' id='word_1_221' title='bbox 875 2501 1034 2560; x_wconf 87' lang='lat' dir='ltr'><strong>consentit.</strong></span> <span class='ocrx_word' id='word_1_222' title='bbox 1049 2501 1095 2560; x_wconf 93' lang='lat' dir='ltr'><strong>sic</strong></span> 
     </span>
     <span class='ocr_line' id='line_1_28' title="bbox 115 2583 1093 2659; baseline -0.001 -16"><span class='ocrx_word' id='word_1_223' title='bbox 115 2585 207 2643; x_wconf 89' lang='lat' dir='ltr'><strong>vitam</strong></span> <span class='ocrx_word' id='word_1_224' title='bbox 231 2584 366 2658; x_wconf 81' lang='lat' dir='ltr'><strong>agimus,</strong></span> <span class='ocrx_word' id='word_1_225' title='bbox 386 2583 522 2659; x_wconf 92' lang='lat' dir='ltr'><strong>ideoque</strong></span> <span class='ocrx_word' id='word_1_226' title='bbox 544 2585 702 2645; x_wconf 86' lang='lat' dir='ltr'><strong>moderate</strong></span> <span class='ocrx_word' id='word_1_227' title='bbox 723 2584 754 2642; x_wconf 91' lang='lat' dir='ltr'><strong>id</strong></span> <span class='ocrx_word' id='word_1_228' title='bbox 775 2585 841 2644; x_wconf 89' lang='lat' dir='ltr'><strong>lieri</strong></span> <span class='ocrx_word' id='word_1_229' title='bbox 857 2584 948 2642; x_wconf 91' lang='lat' dir='ltr'><strong>debet</strong></span> <span class='ocrx_word' id='word_1_230' title='bbox 961 2601 980 2642; x_wconf 90' lang='lat' dir='ltr'><strong>a</strong></span> <span class='ocrx_word' id='word_1_231' title='bbox 995 2583 1093 2656; x_wconf 90' lang='lat' dir='ltr'><strong>nobis,</strong></span> 
     </span>
     <span class='ocr_line' id='line_1_29' title="bbox 115 2667 1095 2744; baseline -0.001 -16"><span class='ocrx_word' id='word_1_232' title='bbox 115 2668 200 2742; x_wconf 90' lang='lat' dir='ltr'><strong>quod</strong></span> <span class='ocrx_word' id='word_1_233' title='bbox 225 2683 319 2744; x_wconf 87' lang='lat' dir='ltr'><strong>saepe</strong></span> <span class='ocrx_word' id='word_1_234' title='bbox 340 2668 515 2728; x_wconf 89' lang='lat' dir='ltr'><strong>laciendum</strong></span> <span class='ocrx_word' id='word_1_235' title='bbox 536 2675 598 2742; x_wconf 91' lang='lat' dir='ltr'><strong>est,</strong></span> <span class='ocrx_word' id='word_1_236' title='bbox 620 2675 651 2727; x_wconf 97' lang='grc'><strong>11</strong></span> <span class='ocrx_word' id='word_1_237' title='bbox 669 2667 886 2742; x_wconf 77' lang='lat' dir='ltr'><strong>respicienteS,</strong></span> <span class='ocrx_word' id='word_1_238' title='bbox 915 2673 1095 2741; x_wconf 87' lang='lat' dir='ltr'><strong>quantuma</strong></span> 
     </span>
     <span class='ocr_line' id='line_1_30' title="bbox 114 2751 1095 2826; baseline 0.001 -16"><span class='ocrx_word' id='word_1_239' title='bbox 114 2759 203 2826; x_wconf 87' lang='lat' dir='ltr'><strong>tergo</strong></span> <span class='ocrx_word' id='word_1_240' title='bbox 223 2767 325 2811; x_wconf 85' lang='lat' dir='ltr'><strong>rerum</strong></span> <span class='ocrx_word' id='word_1_241' title='bbox 345 2751 474 2812; x_wconf 76' lang='lat' dir='ltr'><strong>tristium</strong></span> <span class='ocrx_word' id='word_1_242' title='bbox 490 2751 649 2825; x_wconf 86' lang='lat' dir='ltr'><strong>inmineat,</strong></span> <span class='ocrx_word' id='word_1_243' title='bbox 671 2751 697 2811; x_wconf 93' lang='lat' dir='ltr'><strong>si</strong></span> <span class='ocrx_word' id='word_1_244' title='bbox 712 2767 772 2812; x_wconf 91' lang='lat' dir='ltr'><strong>non</strong></span> <span class='ocrx_word' id='word_1_245' title='bbox 788 2751 877 2810; x_wconf 89' lang='lat' dir='ltr'><strong>finire</strong></span> <span class='ocrx_word' id='word_1_246' title='bbox 891 2751 1048 2823; x_wconf 90' lang='lat' dir='ltr'><strong>lacrimas,</strong></span> <span class='ocrx_word' id='word_1_247' title='bbox 1064 2758 1095 2811; x_wconf 87' lang='lat' dir='ltr'><strong>at</strong></span> 
     </span>
    </p>
   </div>
   <div class='ocr_carea' id='block_1_5' title="bbox 8 2834 1092 2910">
    <p class='ocr_par' dir='ltr' id='par_1_7' title="bbox 8 2834 1092 2910">
     <span class='ocr_line' id='line_1_31' title="bbox 8 2834 1092 2910; baseline 0.002 -18"><span class='ocrx_word' id='word_1_248' title='bbox 8 2867 9 2870; x_wconf 60' lang='lat'><em>=</em></span> <span class='ocrx_word' id='word_1_249' title='bbox 113 2843 198 2895; x_wconf 90' lang='lat' dir='ltr'><strong>certe</strong></span> <span class='ocrx_word' id='word_1_250' title='bbox 212 2849 373 2895; x_wconf 89' lang='lat' dir='ltr'><strong>reservare</strong></span> <span class='ocrx_word' id='word_1_251' title='bbox 388 2835 547 2896; x_wconf 87' lang='lat' dir='ltr'><strong>debemus.</strong></span> <span class='ocrx_word' id='word_1_252' title='bbox 579 2835 658 2896; x_wconf 91' lang='lat' dir='ltr'><strong>Nulli</strong></span> <span class='ocrx_word' id='word_1_253' title='bbox 674 2836 860 2910; x_wconf 90' lang='lat' dir='ltr'><strong>parcendum</strong></span> <span class='ocrx_word' id='word_1_254' title='bbox 875 2834 980 2894; x_wconf 91' lang='lat' dir='ltr'><strong>estrei</strong></span> <span class='ocrx_word' id='word_1_255' title='bbox 995 2835 1092 2908; x_wconf 89' lang='lat' dir='ltr'><strong>magis</strong></span> 
     </span>
    </p>
   </div>
   <div class='ocr_carea' id='block_1_6' title="bbox 113 2918 1121 3582">
    <p class='ocr_par' dir='ltr' id='par_1_8' title="bbox 114 2918 817 2994">
     <span class='ocr_line' id='line_1_32' title="bbox 114 2918 817 2994; baseline -0.006 -16"><span class='ocrx_word' id='word_1_256' title='bbox 114 2933 208 2993; x_wconf 85' lang='lat' dir='ltr'><strong>quam</strong></span> <span class='ocrx_word' id='word_1_257' title='bbox 223 2918 309 2993; x_wconf 89' lang='lat' dir='ltr'><strong>huic,</strong></span> <span class='ocrx_word' id='word_1_258' title='bbox 329 2919 417 2984; x_wconf 87' lang='lat' dir='ltr'><strong>cuius</strong></span> <span class='ocrx_word' id='word_1_259' title='bbox 432 2927 493 2978; x_wconf 88' lang='lat' dir='ltr'><strong>tam</strong></span> <span class='ocrx_word' id='word_1_260' title='bbox 508 2919 654 2994; x_wconf 81' lang='lat' dir='ltr'><strong>frequens</strong></span> <span class='ocrx_word' id='word_1_261' title='bbox 668 2935 745 2980; x_wconf 91' lang='lat' dir='ltr'><strong>usus</strong></span> <span class='ocrx_word' id='word_1_262' title='bbox 760 2926 817 2980; x_wconf 87' lang='lat' dir='ltr'><strong>est.</strong></span> 
     </span>
    </p>

    <p class='ocr_par' dir='ltr' id='par_1_9' title="bbox 113 2998 1121 3582">
     <span class='ocr_line' id='line_1_33' title="bbox 178 2998 1121 3078; baseline -0.005 -19"><span class='ocrx_word' id='word_1_263' title='bbox 178 3002 216 3059; x_wconf 89' lang='lat' dir='ltr'><strong>V.</strong></span> <span class='ocrx_word' id='word_1_264' title='bbox 238 2998 342 3063; x_wconf 91' lang='lat' dir='ltr'><strong>Illud</strong></span> <span class='ocrx_word' id='word_1_265' title='bbox 364 3009 571 3078; x_wconf 91' lang='lat' dir='ltr'><strong>quoquete</strong></span> <span class='ocrx_word' id='word_1_266' title='bbox 587 3019 659 3062; x_wconf 93' lang='lat' dir='ltr'><strong>non</strong></span> <span class='ocrx_word' id='word_1_267' title='bbox 676 3000 1121 3074; x_wconf 86' lang='lat' dir='ltr'><strong>mininrumadiuverit,l</strong></span> 
     </span>
     <span class='ocr_line' id='line_1_34' title="bbox 114 3084 1092 3162; baseline 0.003 -19"><span class='ocrx_word' id='word_1_268' title='bbox 114 3086 147 3144; x_wconf 91' lang='lat' dir='ltr'><strong>si</strong></span> <span class='ocrx_word' id='word_1_269' title='bbox 176 3086 417 3160; x_wconf 80' lang='lat' dir='ltr'><strong>cogitaveris</strong></span> <span class='ocrx_word' id='word_1_270' title='bbox 442 3086 539 3147; x_wconf 92' lang='lat' dir='ltr'><strong>nulli</strong></span> <span class='ocrx_word' id='word_1_271' title='bbox 560 3084 685 3146; x_wconf 92' lang='lat' dir='ltr'><strong>minus</strong></span> <span class='ocrx_word' id='word_1_272' title='bbox 706 3095 855 3162; x_wconf 88' lang='lat' dir='ltr'><strong>gratum</strong></span> <span class='ocrx_word' id='word_1_273' title='bbox 876 3086 1092 3146; x_wconf 88' lang='lat' dir='ltr'><strong>essedolo-</strong></span> 
     </span>
     <span class='ocr_line' id='line_1_35' title="bbox 113 3168 1092 3244; baseline 0.002 -18"><span class='ocrx_word' id='word_1_274' title='bbox 113 3183 190 3228; x_wconf 87' lang='lat' dir='ltr'><strong>rem</strong></span> <span class='ocrx_word' id='word_1_275' title='bbox 210 3175 313 3230; x_wconf 87' lang='lat' dir='ltr'><strong>tuum</strong></span> <span class='ocrx_word' id='word_1_276' title='bbox 337 3185 448 3244; x_wconf 92' lang='lat' dir='ltr'><strong>quam</strong></span> <span class='ocrx_word' id='word_1_277' title='bbox 471 3171 520 3244; x_wconf 94' lang='lat' dir='ltr'><strong>ei,</strong></span> <span class='ocrx_word' id='word_1_278' title='bbox 542 3171 602 3229; x_wconf 89' lang='lat' dir='ltr'><strong>cui</strong></span> <span class='ocrx_word' id='word_1_279' title='bbox 624 3168 1004 3244; x_wconf 87' lang='lat' dir='ltr'><strong>praestarividetur=</strong></span> <span class='ocrx_word' id='word_1_280' title='bbox 1031 3177 1092 3230; x_wconf 92' lang='lat' dir='ltr'><strong>tor-</strong></span> 
     </span>
     <span class='ocr_line' id='line_1_36' title="bbox 114 3250 1092 3330; baseline 0 -18"><span class='ocrx_word' id='word_1_281' title='bbox 114 3252 203 3326; x_wconf 86' lang='lat' dir='ltr'><strong>queri</strong></span> <span class='ocrx_word' id='word_1_282' title='bbox 221 3250 271 3312; x_wconf 91' lang='lat' dir='ltr'><strong>ille</strong></span> <span class='ocrx_word' id='word_1_283' title='bbox 290 3261 320 3313; x_wconf 89' lang='lat' dir='ltr'><strong>te</strong></span> <span class='ocrx_word' id='word_1_284' title='bbox 340 3261 467 3314; x_wconf 89' lang='lat' dir='ltr'><strong>autnon</strong></span> <span class='ocrx_word' id='word_1_285' title='bbox 483 3255 547 3314; x_wconf 93' lang='lat' dir='ltr'><strong>vult</strong></span> <span class='ocrx_word' id='word_1_286' title='bbox 563 3261 690 3314; x_wconf 86' lang='lat' dir='ltr'><strong>autnon</strong></span> <span class='ocrx_word' id='word_1_287' title='bbox 706 3253 860 3330; x_wconf 87' lang='lat' dir='ltr'><strong>intellegit.</strong></span> <span class='ocrx_word' id='word_1_288' title='bbox 891 3255 974 3314; x_wconf 87' lang='lat' dir='ltr'><strong>nulla</strong></span> <span class='ocrx_word' id='word_1_289' title='bbox 988 3253 1092 3329; x_wconf 88' lang='lat' dir='ltr'><strong>itaque</strong></span> 
     </span>
     <span class='ocr_line' id='line_1_37' title="bbox 114 3335 1090 3413; baseline 0.002 -19"><span class='ocrx_word' id='word_1_290' title='bbox 114 3337 182 3395; x_wconf 88' lang='lat' dir='ltr'><strong>eius</strong></span> <span class='ocrx_word' id='word_1_291' title='bbox 198 3335 293 3396; x_wconf 87' lang='lat' dir='ltr'><strong>olllcii</strong></span> <span class='ocrx_word' id='word_1_292' title='bbox 305 3337 383 3398; x_wconf 88' lang='lat' dir='ltr'><strong>ratio</strong></span> <span class='ocrx_word' id='word_1_293' title='bbox 399 3345 459 3411; x_wconf 91' lang='lat' dir='ltr'><strong>est,</strong></span> <span class='ocrx_word' id='word_1_294' title='bbox 472 3338 558 3413; x_wconf 90' lang='lat' dir='ltr'><strong>quod</strong></span> <span class='ocrx_word' id='word_1_295' title='bbox 573 3338 610 3411; x_wconf 92' lang='lat' dir='ltr'><strong>ei,</strong></span> <span class='ocrx_word' id='word_1_296' title='bbox 627 3339 675 3398; x_wconf 90' lang='lat' dir='ltr'><strong>cui</strong></span> <span class='ocrx_word' id='word_1_297' title='bbox 691 3344 871 3413; x_wconf 85' lang='lat' dir='ltr'><strong>praestatur,</strong></span> <span class='ocrx_word' id='word_1_298' title='bbox 888 3339 914 3397; x_wconf 93' lang='lat' dir='ltr'><strong>si</strong></span> <span class='ocrx_word' id='word_1_299' title='bbox 929 3336 1003 3396; x_wconf 90' lang='lat' dir='ltr'><strong>nihil</strong></span> <span class='ocrx_word' id='word_1_300' title='bbox 1021 3353 1090 3398; x_wconf 91' lang='lat' dir='ltr'><strong>sen-</strong></span> 
     </span>
     <span class='ocr_line' id='line_1_38' title="bbox 114 3419 1121 3498; baseline 0.001 -21"><span class='ocrx_word' id='word_1_301' title='bbox 114 3419 163 3492; x_wconf 87' lang='lat' dir='ltr'><strong>tit,</strong></span> <span class='ocrx_word' id='word_1_302' title='bbox 179 3435 406 3494; x_wconf 88' lang='lat' dir='ltr'><strong>supervaeuum</strong></span> <span class='ocrx_word' id='word_1_303' title='bbox 422 3429 484 3495; x_wconf 89' lang='lat' dir='ltr'><strong>est,</strong></span> <span class='ocrx_word' id='word_1_304' title='bbox 499 3421 525 3481; x_wconf 90' lang='lat' dir='ltr'><strong>si</strong></span> <span class='ocrx_word' id='word_1_305' title='bbox 541 3421 648 3494; x_wconf 90' lang='lat' dir='ltr'><strong>sentit,-</strong></span> <span class='ocrx_word' id='word_1_306' title='bbox 662 3422 811 3497; x_wconf 89' lang='lat' dir='ltr'><strong>ingratum</strong></span> <span class='ocrx_word' id='word_1_307' title='bbox 826 3429 883 3482; x_wconf 90' lang='lat' dir='ltr'><strong>est.</strong></span> <span class='ocrx_word' id='word_1_308' title='bbox 904 3423 970 3498; x_wconf 78' lang='grc'><strong>[11]</strong></span> <span class='ocrx_word' id='word_1_309' title='bbox 992 3419 1121 3480; x_wconf 72' lang='lat' dir='ltr'><strong>Nemi-t</strong></span> 
     </span>
     <span class='ocr_line' id='line_1_39' title="bbox 115 3503 1089 3582; baseline 0.002 -22"><span class='ocrx_word' id='word_1_310' title='bbox 115 3517 183 3562; x_wconf 90' lang='lat' dir='ltr'><strong>nem</strong></span> <span class='ocrx_word' id='word_1_311' title='bbox 202 3518 274 3564; x_wconf 88' lang='lat' dir='ltr'><strong>esse</strong></span> <span class='ocrx_word' id='word_1_312' title='bbox 288 3511 353 3566; x_wconf 92' lang='lat' dir='ltr'><strong>toto</strong></span> <span class='ocrx_word' id='word_1_313' title='bbox 368 3506 443 3567; x_wconf 90' lang='lat' dir='ltr'><strong>orbe</strong></span> <span class='ocrx_word' id='word_1_314' title='bbox 460 3512 616 3582; x_wconf 86' lang='lat' dir='ltr'><strong>terrerum,</strong></span> <span class='ocrx_word' id='word_1_315' title='bbox 634 3506 685 3580; x_wconf 91' lang='lat' dir='ltr'><strong>qui</strong></span> <span class='ocrx_word' id='word_1_316' title='bbox 698 3506 865 3567; x_wconf 90' lang='lat' dir='ltr'><strong>delectetur</strong></span> <span class='ocrx_word' id='word_1_317' title='bbox 876 3504 1008 3564; x_wconf 86' lang='lat' dir='ltr'><strong>lacrimis</strong></span> <span class='ocrx_word' id='word_1_318' title='bbox 1020 3503 1089 3578; x_wconf 91' lang='lat' dir='ltr'><strong>tuis,</strong></span> 
     </span>
    </p>
   </div>
   <div class='ocr_carea' id='block_1_7' title="bbox 0 0 1282 3888">
    <p class='ocr_par' dir='ltr' id='par_1_10' title="bbox 0 0 1282 3888">
     <span class='ocr_line' id='line_1_40' title="bbox 0 0 1282 3888; baseline 0 2"><span class='ocrx_word' id='word_1_319' title='bbox 0 0 1282 3888; x_wconf 95' lang='lat' dir='ltr'><strong> </strong></span> 
     </span>
    </p>
   </div>
  </div>
 </body>
</html>
