2554 3888
212 231 275 297 214
410 233 443 292 L.
463 231 610 294 ANNAEI
630 231 805 293 SENECAE
827 232 980 294 1111311.

184 391 309 464 bplexu
323 392 494 448 scortorum
510 391 562 444 aut
575 385 646 444 vino
662 382 808 459 exigunt?
829 384 904 444 Inde
919 386 1007 446 etiam
1023 395 1182 461 poetarum

212 475 297 532 luror
312 469 422 530 iabulis
438 468 588 528 humanos
603 483 725 528 errores
741 469 894 540 alentium,
912 469 1023 544 quibus
1038 471 1124 532 visus
1137 481 1183 532 est

211 556 326 630 Iupiter
339 553 495 628 voluptate
509 552 690 612 concubitus
701 551 852 613 delenitus
861 553 1036 627 duplicasse
1048 563 1185 615 noctem=

213 639 286 715 quid
307 638 390 698 aliud
410 643 459 696 est
476 634 548 696 vitia
562 642 667 696 nostra
680 635 845 696 incendere
862 652 953 710 quam
968 644 1110 698 auctores
1124 638 1185 698 illis

211 722 381 785 inscribere
400 720 477 780 deos
496 727 527 780 31
540 719 614 779 dare
630 719 737 779 morbo
753 720 895 794 exemplo
913 721 1076 782 divinitatis
1092 738 1185 782 excu-

212 813 310 867 satam
324 802 496 864 lieentiamt
509 809 641 878 possunt
653 800 721 863 istis
736 819 797 864 non
809 802 1011 864 brevissimae
1021 803 1119 865 videri
1131 823 1185 866 no—

213 898 287 961 ctae,
302 903 378 964 quas
390 894 450 948 tam
463 901 533 948 care
545 893 737 946 mercantur?
751 885 832 946 diem
843 887 941 948 noctis
954 889 1187 964 exspectatione

212 973 358 1050 perdunt,
373 977 493 1032 noctem
508 971 585 1030 lucis
601 975 692 1030 metu.

180 1063 197 1114 1
272 1055 366 1116 XVll.
386 1055 478 1129 Ipsae
494 1055 667 1128 voluptates
683 1069 788 1116 eorum
802 1053 939 1129 trepidae
952 1056 1184 1116 etvariisterro·

211 1141 296 1201 ribus
307 1139 461 1214 inquietae
472 1144 543 1200 suut
552 1138 694 1212 subitque
707 1153 775 1198 cum
788 1136 918 1197 maxime
931 1139 1111 1199 exsultantis
1124 1142 1192 1210 sol-,

214 1225 294 1284 licita
309 1222 466 1298 cogitatio:
481 1221 579 1296 „haec
595 1237 686 1295 quam
701 1220 800 1281 diut“
821 1221 870 1280 Ab
885 1221 944 1284 hoo
959 1223 1081 1283 adiectu
1095 1238 1188 1297 reges

214 1324 301 1368 suam
325 1306 440 1390 flevere
466 1304 654 1381 potentiam·
673 1319 730 1364 nec
755 1304 824 1366 illos
849 1307 1025 1379 magnitudo
1047 1307 1190 1367 fortunae

214 1407 289 1452 suae
313 1389 489 1464 delectavit,
518 1390 575 1450 sed
596 1396 743 1449 venturus
765 1389 930 1464 aliquando
945 1389 1016 1450 linis
1031 1391 1189 1450 exterruit.

184 1477 286 1538 acum
310 1490 365 1549 per
392 1489 502 1548 magna
524 1488 701 1548 camporum
722 1471 821 1547 spatia
835 1472 1006 1548 porrigeret
1020 1474 1190 1534 exercitum

214 1575 271 1632 nec
295 1572 454 1616 numerum
469 1556 550 1628 eius,
574 1555 631 1616 sed
647 1572 820 1616 mensuram
836 1557 1101 1631 conprehenderet
1115 1557 1189 1616 Per-

214 1659 317 1702 sarum
331 1657 388 1699 rex
402 1638 673 1713 insolentissimus
689 1639 830 1700 lacrimas
845 1641 995 1714 proludit,
1012 1640 1096 1716 quod
1108 1641 1190 1700 intra

215 1723 335 1786 centum
348 1739 445 1783 annos
458 1739 547 1784 nemo
559 1723 850 1784 extantaiuventute
859 1725 1073 1799 superfuturus
1086 1734 1189 1786 esset:
1260 1793 1261 1796 Ἴ

214 1817 246 1869 31
259 1809 317 1868 11113
333 1807 511 1869 admoturus
527 1816 592 1868 erat
607 1809 700 1868 latum
715 1807 793 1882 ipse,
810 1805 862 1881 qui
878 1806 980 1882 flebat,
996 1807 1190 1882 perditurus·
1260 1803 1261 1822 l

216 1909 275 1968 333
286 1893 370 1956 ¹alios
385 1891 414 1950 in
431 1891 520 1965 inari,
536 1892 612 1952 alios
627 1892 657 1950 in
669 1898 763 1964 terra,
782 1891 860 1950 alios
872 1891 1006 1966 proelio,
1023 1889 1101 1951 alios
1114 1892 1192 1967 luga

215 1985 246 2036 31
259 1978 336 2036 iutra
351 1976 494 2050 exiguum
509 1981 629 2050 tempus
645 1981 883 2050 consumpturus
894 1974 973 2048 11133,
991 1975 1102 2050 quibus
1115 1991 1190 2035 cen-

180 2072 198 2125 3
214 2062 355 2120 tesimum
369 2075 481 2118 annum
498 2059 630 2118 timebat.
660 2055 855 2133 Quid,‘qu0d
871 2059 983 2132 gaudia
998 2075 1123 2133 quoque
1135 2075 1189 2120 eo-

214 2160 280 2202 rum
294 2143 414 2216 trepida
428 2148 519 2201 sunt?
533 2158 593 2200 non
609 2141 689 2202 enim
704 2140 812 2202 solidis
828 2142 930 2202 causis
943 2142 1118 2216 innituntur,
1130 2145 1189 2203 sed

215 2227 338 2295 eadem,
368 2241 428 2299 quo
449 2225 599 2297 oriuntur,
621 2227 752 2286 vanitate
767 2225 934 2285 turbantur.
960 2225 1072 2299 -Qualia
1086 2233 1189 2286 autem

217 2317 305 2383 33133
329 2324 400 2368 3333
422 2316 561 2382 tempora
580 2311 669 2369 etiam
686 2311 823 2384 ipsorum
845 2309 1042 2369 consessione
1058 2310 1189 2384 misera,

216 2409 283 2452 cum
299 2393 375 2451 haec
392 2409 525 2467 quoque,
541 2393 651 2467 quibus
666 2409 701 2453 se
715 2393 865 2453 adtollunt
880 2400 910 2452 et
923 2409 1019 2468 super
1032 2393 1189 2452 hominem
1259 2403 1260 2418 1

189 2477 353 2549 salierunt,
370 2491 477 2550 parum
493 2477 614 2536 sincera
627 2484 717 2537 33311
730 2477 864 2536 Maxima
876 2492 1018 2552 quaeque
1029 2477 1112 2538 bona
1126 2478 1189 2537 sol·

215 2561 296 2624 licita
321 2569 391 2621 sunt
414 2575 472 2620 nee
496 2560 549 2620 ulli
577 2561 717 2621 fortunae
736 2561 837 2620 minus
851 2558 931 2619 bene
947 2576 1038 2636 quam
1053 2561 1190 2636 optimae

216 2645 363 2705 creditur:
391 2643 451 2704 3113
473 2644 614 2704 1311311313
633 2645 674 2704 ad
693 2644 837 2705 tuendam
856 2643 1029 2704 felicitatem
1045 2661 1124 2719 opus
1140 2652 1190 2704 est

214 2736 246 2788 31
262 2745 319 2802 pro
334 2727 426 2802 13313,
452 2743 532 2803 3333
547 2742 744 2801 successere,
769 2727 849 2787 votis
863 2735 937 2788 vota
951 2727 1092 2788 iacienda
1105 2735 1187 2788 sunt.

214 2828 306 2873 omne
322 2812 415 2883 enim,
433 2812 516 2886 quod
528 2811 655 2872 lortuito
672 2810 809 2883 obvenit,
826 2810 966 2871 instabile
981 2817 1037 2870 est.
1068 2827 1129 2886 quo
1144 2812 1188 2869 al·

214 2897 275 2956 tius
301 2897 481 2966 surrexerit,
508 2895 711 2970 opportunius
736 2902 784 2955 est
803 2894 833 2953 in
849 2910 1003 2956 occasum.
1035 2895 1185 2955 neminem

215 2997 308 3054 porro
321 2995 432 3040 casura
443 2979 607 3040 delectant:
623 2979 820 3040 miserrimam
829 2994 902 3053 ergo
915 2994 1044 3039 necesse
1055 2986 1112 3051 est,
1126 2994 1186 3038 non

214 3071 331 3124 tantum
346 3063 558 3123 brevissimam
571 3063 664 3122 vitam
679 3079 784 3124 eorum
799 3078 879 3136 esse,
893 3063 944 3137 qui
956 3077 1066 3137 magno
1078 3068 1188 3138 parant

215 3147 335 3220 labore,
359 3148 443 3222 quod
458 3147 574 3207 maiore
589 3147 782 3222 possideant:
810 3161 943 3222 operose
958 3146 1186 3220 adsequuntur,

187 3243 296 3304 53333
310 3232 429 3302 volunt,
446 3231 528 3291 anxii
541 3237 658 3303 tenent,
682 3247 761 3304 3333
775 3230 915 3290 adsecuti
930 3237 1011 3290 sunt.
1038 3229 1128 3292 Nulla
1143 3229 1188 3286 in·

200 3314 302 3373 ‚terim
321 3330 486 3388 numquam
503 3315 634 3389 amplius
647 3313 772 3374 redituri
786 3313 933 3389 temporis
947 3314 1024 3374 ratio
1040 3319 1096 3373 est.
1132 3327 1189 3372 no·
1258 3337 1259 3350 ¹

215 3411 274 3456 vac
290 3397 508 3470 occupationes
522 3399 677 3458 veteribus
690 3399 926 3469 substituuntur,
941 3413 1015 3472 spes
1030 3412 1119 3472 spem
1134 3411 1189 3456 ex-

217 3479 296 3552 citat,
309 3477 503 3539 ambitionem
513 3481 644 3541 ambitio.
668 3482 855 3542 miseriarum
866 3498 927 3542 non
939 3479 1009 3540 linis
1023 3479 1190 3558 quaeritur.
