2522 3906
248 245 349 303 urat.
371 246 421 306 ΙΙΙ.
449 245 500 304 DE
515 245 670 304 luatis.
693 246 713 304 l.
736 254 832 308 1-3.
929 259 932 264 ’
985 245 1026 311 37

135 396 220 468 [lru
257 404 315 456 est
343 397 540 472 cupiditas
569 401 817 463 ulciscendae
848 404 1060 468 iniuriosi

60 487 112 554 out,
130 485 162 540 ut
181 481 227 540 uit
245 479 435 552 Posidonius,
460 483 655 557 cupiditas
671 486 865 558 puniendi
893 491 989 562 eius,
1007 505 1033 548 n

60 579 115 638 quo
134 570 166 624 te
187 566 319 642 tuique
335 567 612 640 putestcesum.
635 566 762 636 Quidum
776 571 817 628 itu
831 569 1027 644 definierunt:

61 652 108 706 iro
126 656 181 708 est
199 650 379 709 incitatio
393 651 513 712 animi
531 650 796 712 aduocandum
810 655 857 724 ei,
879 658 943 728 qui
958 664 1028 716 uut

16 739 17 748 ’
61 734 178 792 nocuit
202 738 271 790 cut
290 749 428 794 nocere
450 737 593 806 uoluit]

16 833 17 848 ³
116 817 193 894 ii*
219 823 377 890 tamquam
399 822 452 880 'aut
471 832 581 880 curam.
596 825 731 880 nosuarn
747 819 959 884 deserentibus
975 829 1054 885 euti

61 899 262 964 auctoritatem
273 899 545 966 contemnentibus.
580 901 679 976 Ques
698 902 917 976 gladiatoribus
931 923 1027 981 quare

60 986 182 1060 populus
202 983 345 1046 irascitur
364 991 395 1044 ει
406 993 468 1046 tam
482 985 600 1061 inique,
622 994 658 1048 ut
676 986 816 1050 iniuriam
829 996 926 1063 putet,
943 993 1028 1068 quod

59 1085 109 1128 rou
122 1068 252 1129 libentur
268 1075 415 1144 percurrit
450 1070 602 1130 contemni
625 1085 659 1130 sc
679 1069 793 1135 iudicet
812 1075 954 1148 etuoltu,
970 1091 1027 1150 ge-

60 1161 107 1225 stu,
127 1152 241 1216 ardore
255 1168 274 1210 a
288 1160 461 1228 spectatore
481 1151 517 1216 iu.
528 1154 740 1218 adversarium
758 1155 893 1218 vertitur.
938 1157 1055 1232 Quis-6

60 1237 288 1312 curiositate,
308 1253 370 1299 non
390 1244 438 1300 εει
458 1239 518 1310 ira,
539 1238 596 1302 scd
618 1239 707 1314 quasi
728 1240 788 1312 ira,
810 1241 889 1302 sieut
911 1259 1028 1316 puero-

59 1339 126 1396 rum,
149 1321 202 1396 qui
217 1321 245 1380 si
260 1321 455 1395 ceciderunt„
472 1329 583 1384 terram
598 1323 751 1384 verberari
766 1326 872 1384 volunt
889 1333 920 1386 ct
932 1341 1028 1401 saepe

16 1481 17 1486 ἵ
59 1404 203 1466 nesciunt
217 1405 355 1480 quidem,
378 1407 426 1468 eui
441 1407 623 1479 irascantur,
646 1407 833 1471 sectantum
847 1409 1028 1481 irascuntur,

60 1491 114 1550 sine
128 1505 225 1552 causa
238 1496 270 1552 ct
283 1490 351 1554 siue
366 1491 488 1565 iniuria,
511 1497 688 1552 nontamen
704 1491 771 1555 siue
785 1492 889 1568 eiiuue
901 1491 1029 1553 iniuriae

60 1574 151 1648 specie
166 1588 227 1634 nce
242 1573 311 1636 sine
324 1575 428 1650 aliqua
442 1591 561 1650 menae
576 1574 750 1650 cupiditate.
779 1577 964 1640 deluduntur
974 1577 1028 1638 ite·

60 1673 108 1732 que
126 1657 295 1722 imitatione
317 1659 474 1734 plagarum
489 1666 520 1720 et
534 1659 682 1724 simulatis
697 1660 927 1735 deprecantium
942 1661 1029 1724 lacri-

60 1742 104 1804 uis
120 1743 281 1818 placantur
296 1751 329 1804 ει
342 1743 549 1806 ielsaultiouc
565 1745 666 1808 salsus
677 1745 767 1804 dolor
781 1743 904 1806 totlitur.

109 1827 160 1890 lu.
195 1827 521 1906 ,bescimuuiuquiu
538 1843 633 1902 saepe
647 1843 709 1888 nou
724 1827 782 1890 iilis
800 1829 852 1904 qui
867 1831 1059 1904 laeseruntl

59 1912 103 1971 ssd
123 1910 161 1976 iis
187 1911 247 1986 qut
264 1913 379 1976 laesuri
400 1918 486 1974 suut:
508 1918 546 1974 ut
563 1911 644 1972 scias
665 1913 740 1974 iram
757 1929 818 1972 nou
835 1919 973 1985 [tautum]
991 1928 1031 1972 ex

16 2059 17 2066 χ
59 1994 289 2060 iniuriaucseit‘
329 1997 445 2060 Verum
466 2003 516 2058 est
533 1993 625 2056 irasci
646 2011 706 2058 uos
718 1994 864 2068 laesuris,
891 1997 947 2058 sed
962 1997 1036 2071 ipsa

59 2079 233 2154 cogitatione
249 2095 308 2142 nos
324 2079 449 2142 laedunt
466 2086 496 2150 ει
509 2079 649 2142 iniuriam
665 2081 719 2154 uui
737 2081 948 2150 factumest,
971 2081 1030 2140 iam

59 2163 128 2224 iacit.
160 2163 224 2238 „Ut
238 2163 337 2234 scias,
356 2163 474 2238 insuit„
490 2179 552 2224 nou
567 2178 639 2226 esse
652 2163 731 2224 iram
746 2179 866 2240 poenae
883 2164 1059 2239 cupidita-n

58 2255 115 2320 tem,
131 2246 333 2315 infirmissimi
346 2263 440 2322 saepe
451 2245 672 2322 potentissimis
683 2247 865 2311 irascuntur.
887 2263 945 2310 nce
956 2263 1031 2323 poe-

58 2348 117 2394 nam
133 2333 361 2406 concupiscunt
376 2347 470 2407 quem,
481 2347 542 2392 non
558 2335 713 2405 sperant.“
749 2331 882 2394 Primum
898 2333 1031 2394 diximus

58 2416 246 2491 cupiditatem
261 2430 334 2476 esse
346 2431 470 2490 ,poenae
485 2414 663 2496 exigendas,
677 2431 738 2478 uon
753 2417 935 2478 facultatem.
958 2431 1033 2476 cuu-

58 2501 213 2574 cupiscuut
228 2508 330 2560 autem
344 2499 483 2559 homines
505 2506 535 2558 et
550 2514 630 2574 quae
651 2515 712 2560 nou
736 2508 876 2575 possunt.
913 2499 1034 2562 Deinde

58 2599 137 2644 remo
162 2581 223 2645 tam
247 2583 371 2646 humilis
392 2590 455 2656 est,
481 2583 534 2658 qui
556 2598 686 2659 poenum
707 2585 758 2644 vet
776 2581 1032 2646 suumibominis
1103 2607 1109 2616 κ

58 2683 175 2740 sperare
190 2683 255 2730 uon
270 2664 387 2741 sustu
408 2667 637 2730 admouendum
653 2673 793 2742 potentes
811 2681 928 2728 sumus.
963 2663 1062 2728 Ari-3

57 2751 166 2814 stotclis
182 2751 281 2816 finitio
297 2767 359 2810 uon
374 2751 500 2814 muttum
512 2767 531 2812 a
544 2757 657 2812 nostra,
665 2749 761 2812 abest
799 2749 840 2812 sis
858 2750 938 2812 euim
957 2749 1034 2808 iram

57 2850 120 2894 esse
142 2834 409 2910 cupiditatem.
424 2835 576 2898 duloris
596 2835 823 2911 reponendi
864 2833 1035 2908 Quidinter

56 2927 188 2982 nostrus
202 2918 328 2982 sthene
343 2917 509 2982 finitionem
530 2918 662 2992 intersit,
686 2919 818 2994 emeqtu
837 2921 961 2994 lengum
978 2925 1034 2977 est.

56 3011 155 3064 contra
169 3011 338 3078 utramque
352 3001 462 3066 dictur
480 3003 571 3062 ierus
582 3001 680 3066 irasci
695 3017 754 3064 uec
772 3002 1035 3066 iniuriainritatas

56 3102 105 3146 nec
131 3101 259 3162 poenae.
277 3086 435 3150 dolorisnc
454 3085 544 3148 alieni
568 3102 672 3150 causa.
722 3103 792 3148 uun
813 3087 931 3150 etiamsi
957 3085 1035 3146 haee

57 3170 197 3243 eliciunt,
222 3187 286 3232 nun
302 3170 516 3246 beeetpetuut
549 3169 612 3232 Sed
634 3170 800 3234 dicendum,
819 3178 867 3232 est
888 3170 969 3232 ieras
991 3168 1064 3234 irat

57 3269 154 3316 curere
168 3263 202 3318 et
222 3253 327 3316 omnia
342 3261 461 3329 praeter
475 3253 640 3317 huminem.
676 3271 747 3316 nam
767 3270 835 3317 cum
856 3253 901 3316 sit,
915 3253 1036 3314 inimica

56 3339 173 3414 rationi,
202 3355 359 3416 nusquam
379 3344 480 3400 umen
502 3337 652 3413 nascitur,
678 3338 737 3400 nisi
757 3337 810 3400 ubi
823 3338 933 3400 rationi
947 3340 1036 3397 locus

57 3429 105 3482 est.
134 3425 265 3500 inpetus
282 3421 398 3484 hebent
412 3423 519 3496 icrae‚-
530 3421 660 3496 rabiem,
683 3422 845 3493 toritatem,
861 3422 1033 3482 incursum=

58 3503 124 3566 iram
139 3507 267 3584 quidem
288 3521 350 3566 uon
366 3507 465 3580 magis
482 3523 572 3580 quam
588 3506 747 3566 luuuriam.
787 3511 818 3564 et
832 3505 862 3562 in
885 3502 1034 3578 quasdam
