2522 3906
156 253 351 316 ACCIDANT
369 255 451 318 CUM
465 255 729 319 PROVIDENTIA
747 256 815 320 SIT.
837 261 876 321 V.
891 262 944 322 V1.
1002 261 1047 326 15

66 413 125 474 sitia
143 419 173 471 et
193 411 350 471 libidinem
367 425 488 470 caecam
504 419 535 472 et
549 410 649 473 alieno
664 411 861 484 inminentem
875 412 1042 474 avaritiam.

65 498 142 570 ipsos
155 502 256 555 tuetur
270 509 309 554 ac
326 495 474 555 vindicat:
494 496 644 570 numquid
665 495 726 556 hoe
748 513 873 572 quoque
894 498 1005 573 aliquis
1023 516 1043 558 a

19 637 21 646 ,
66 581 114 640 deo
134 579 242 653 exigit,
263 578 465 638 othonorum
488 579 624 640 virorum
645 579 735 640 etiam
759 581 898 640 sarcinas
918 590 1042 642 servet?

64 664 207 723 remittunt
221 663 283 737 ipsi
299 659 379 721 hanc
394 663 453 723 deo
469 678 582 723 curam.
607 671 734 723 externa
749 671 954 726 contemnunt.
980 667 1074 726 Ile-t

64 747 198 808 noeritus
213 745 337 806 divitias
357 746 486 820 proiecit
505 763 586 808 onus
602 747 670 806 illas
688 747 790 806 bonae
811 748 920 808 mentis
936 749 1039 808 existi·

64 847 155 892 manse
172 831 247 906 quid
262 835 360 905 ergot
380 829 512 902 miraris,
539 831 565 890 si
580 831 611 890 id
627 831 706 890 deus
722 831 804 892 bono
819 832 884 892 viro
899 832 1041 892 accidere

63 917 179 990 patitur,
205 915 291 989 quod
315 914 362 972 vir
387 913 487 974 bonus
513 913 679 988 aliquando
701 915 766 975 vult
792 914 851 974 sibi
878 914 1042 976 accideret

19 1045 20 1054 ,
61 993 133 1059 filios
148 997 289 1060 amittunt
306 997 363 1056 viri
384 997 472 1058 boni:
494 997 616 1072 quidni,
641 1014 710 1058 cum
727 999 892 1074 aliquando
912 1006 943 1060 et
958 997 1040 1060 oeci-

19 1079 20 1164 ]
61 1084 145 1144 danti
164 1083 196 1142 in
218 1082 343 1142 exilium
358 1082 531 1142 mittuntur:
554 1081 675 1156 quidni,
700 1098 769 1141 cum
790 1083 956 1158 aliquando
978 1082 1040 1158 ipsi

60 1167 180 1240 patriam
207 1183 270 1228 non
297 1164 454 1240 repetituri
474 1165 672 1240 relinquant?
699 1166 893 1226 occiduntur:
922 1166 1039 1242 quidni,

59 1267 119 1310 cum
141 1249 309 1326 aliquando
330 1249 391 1323 ipsi
408 1247 468 1308 sibi
487 1263 596 1309 manus
614 1249 774 1309 adferant?
798 1249 924 1324 „Quare
946 1263 1075 1325 quae-a

59 1336 121 1394 dam
136 1335 217 1394 dura
236 1333 437 1408 patiunturt“
456 1339 489 1392 ut
503 1331 582 1394 alios
598 1333 661 1406 pati
677 1333 818 1394 doceant.
845 1335 907 1394 nati
923 1335 1039 1393 suntin

59 1420 218 1494 exemplar.
248 1423 323 1492 puta
344 1416 448 1492 itaque
469 1415 562 1476 deum
582 1415 700 1475 dicere:
723 1417 797 1492 quid
818 1416 937 1476 habetis
954 1419 1039 1491 <ruod

59 1503 91 1560 de
109 1517 158 1561 me
178 1501 266 1577 queri
287 1499 416 1576 possitis
436 1516 495 1560 vos
518 1499 630 1575 quibus
651 1506 734 1560 recta
751 1501 953 1574 placuerunt?
971 1500 1039 1560 aliis

57 1586 130 1647 bona
145 1587 225 1646 falsa
240 1582 430 1644 circumdedi
445 1591 475 1643 et
490 1583 609 1643 animos
624 1582 731 1644 inanes
748 1585 830 1644 velut
846 1584 939 1658 longo
953 1584 1039 1644 falla·

58 1669 140 1744 cique
163 1668 286 1730 somnio
303 1668 379 1728 lusi=
404 1683 478 1727 auro
494 1668 564 1728 illos
586 1673 617 1727 et
637 1673 762 1740 argento
784 1674 814 1727 et
836 1667 930 1727 ebore
948 1668 1038 1728 ador·

60 1754 135 1827 navi,
158 1754 242 1813 intus
260 1753 334 1814 boni
354 1750 429 1812 nihil
444 1759 500 1812 est.
529 1751 583 1810 Isti
601 1767 680 1824 quos
696 1765 753 1826 pro
774 1751 916 1812 felicibus
935 1750 1073 1825 adspie

59 1837 109 1908 ris,
133 1837 240 1898 sinon
259 1851 322 1912 qua
337 1843 515 1909 occurrunt,
531 1835 589 1894 sed
604 1851 666 1908 qua
679 1835 776 1895 latent
792 1835 920 1910 videris,
936 1832 1040 1894 miseri

59 1928 136 1994 sunt,
153 1919 292 1992 sordidi,
307 1926 428 1994 turpes,
445 1919 484 1978 ad
500 1917 726 1978 similitudinem
746 1919 897 1992 parietum
912 1935 1039 1978 suorum

60 2005 248 2065 extrinsecus
264 2003 345 2064 culti
374 2019 436 2063 non
457 2008 506 2062 est
523 2001 581 2062 ista
597 1999 698 2063 solida
712 2009 742 2060 et
757 2003 878 2062 sincera
894 2002 1038 2062 felicitas:

59 2095 156 2149 crusta
177 2095 228 2148 est
248 2093 279 2146 et
300 2087 425 2162 quidem
439 2085 550 2146 tenuis.
578 2087 687 2168 itaque.
703 2085 776 2145 dum
798 2085 857 2148 illis
872 2087 943 2145 licet
958 2093 1044 2145 stare·

58 2173 137 2232 etad
159 2172 319 2232 arbitrium
341 2185 431 2230 suum
454 2169 592 2244 ostendi,
613 2171 710 2230 nitent
729 2176 760 2229 et
781 2171 941 2244 inponunt.
970 2185 1039 2228 cum

58 2256 168 2330 aliquid
190 2253 402 2330 inciditquod
424 2254 575 2314 disturbet
596 2269 633 2313 ac
655 2253 791 2328 detegat,
813 2254 1040 2328 tunc·adparet

58 2347 198 2412 quantum
211 2340 291 2398 altae
302 2354 339 2398 ac
348 2351 440 2397 verae
452 2338 605 2398 foeditatis
618 2337 738 2397 alienus
749 2337 897 2411 splendor
908 2337 1037 2396 abscon-

19 2433 21 2488 i
57 2423 137 2484 derit.
159 2422 261 2482 Vobis
273 2421 346 2481 dedi
360 2422 441 2480 bona
452 2427 545 2494 certa,
558 2437 717 2495 mansura,
734 2428 848 2496 quanto
863 2421 960 2494 magis
972 2425 1074 2480 ver-‘a

19 2491 21 2540 ἶ
57 2507 164 2566 saverit
192 2505 305 2580 aliquis
332 2511 363 2564 et
382 2504 518 2579 undique
545 2505 731 2580 inspexerit,
758 2505 885 2566 meliora
910 2504 1039 2564 maiora-

58 2607 121 2664 que.
153 2589 282 2666 permisi
308 2589 399 2649 vobis
430 2589 594 2648 metuenda
617 2595 829 2662 contemnere,
856 2586 1039 2662 cupiditates

58 2674 198 2733 fastidire.
229 2687 292 2732 non
310 2673 432 2746 fulgetis
448 2673 655 2746 extrinsecuS,
670 2674 753 2732 bona
770 2679 873 2732 vestra
888 2671 1039 2732 introrsus

58 2758 184 2818 obversa
196 2762 278 2816 sunt.
300 2757 345 2815 sic
358 2757 489 2816 mundus
502 2755 656 2816 exteriora
668 2757 852 2830 contempsit
862 2756 1039 2832 spectaculo

57 2842 96 2899 sui
110 2842 222 2902 taetus.
246 2841 328 2900 intus
348 2855 437 2900 omne
450 2840 553 2914 posuit
562 2839 687 2900 bonum.
710 2856 772 2899 non
791 2856 882 2914 egere
896 2838 1040 2900 felicitate

57 2923 179 2984 felicitas
196 2930 302 2984 vestra
317 2929 374 2984 est.
403 2924 469 2998 „At
482 2923 578 2983 multa
591 2923 729 2983 incidunt
743 2923 854 2998 tristia,
876 2923 1038 2995 horrenda,
1051 2933 1073 2988 a

57 3008 126 3070 dura
146 3009 313 3086 toleratu‘f
342 3007 418 3081 Quia
437 3023 499 3068 non
522 3013 660 3083 poteram
681 3023 739 3068 vos
761 3008 828 3066 istis
852 3008 1037 3078 subducere,

57 3092 168 3154 animos
181 3098 306 3152 vestros
317 3091 467 3152 adversus
481 3091 583 3151 omnia
596 3091 722 3152 armavi.
743 3091 820 3151 ferte
835 3091 959 3152 fortiter.
979 3089 1040 3150 hoc

57 3183 96 3235 est
110 3192 174 3252 quo
191 3175 287 3234 deum
303 3175 507 3236 antecedatis=
528 3175 579 3234 ille
600 3181 687 3235 extra
700 3175 876 3256 patientiam
890 3175 1040 3235 malorum

57 3265 108 3334 est,
131 3276 192 3322 vos
208 3275 307 3334 supra
320 3259 505 3332 patientiam.
536 3258 724 3318 Contemnite
740 3265 965 3334 paupertatem:
987 3273 1040 3316 ne·

56 3353 169 3404 uratum
184 3359 308 3420 pauper
320 3343 395 3402 vivit
409 3359 499 3418 quam
512 3347 601 3402 natus
613 3350 668 3402 est.
692 3341 875 3402 contemnite
887 3343 1040 3402 dolorem=

56 3435 100 3486 aut
113 3431 256 3490 solvetur
268 3432 322 3487 aut
333 3428 440 3486 solvet.
463 3424 647 3487 contemnite
661 3433 805 3486 mortem:
822 3441 901 3500 quae
915 3441 973 3484 vos
989 3429 1043 3480 eut

56 3509 111 3572 linit
125 3520 181 3574 aut
194 3511 352 3573 transfert.
381 3511 565 3572 contemnite
580 3510 746 3570 somenam:
762 3508 878 3569 nullum
893 3507 934 3565 illi
948 3505 1042 3563 telum
