2522 3906
239 223 343 282 ortu.
363 224 414 282 tv.
444 225 496 286 nn
516 226 585 286 ιιιι
607 227 678 286 tra.
700 227 736 285 n.
759 235 890 290 rx-n.
1012 215 1053 290 65³

73 375 193 436 animus
210 381 266 446 est,
284 375 336 450 qui
351 375 395 434 ira
411 381 524 436 caret“
558 379 673 438 Verum
689 387 748 452 est,
770 381 797 439 si
818 381 890 443 nihil
905 381 995 444 habet
1009 384 1055 444 ira

72 460 234 520 valentius.
265 459 329 518 Nec
343 459 490 520 latronem
505 468 626 536 oportet
640 477 712 522 esse
735 479 791 522 nec
814 466 974 540 praedam,
997 482 1054 525 nec

72 541 303 602 misericordem
319 557 375 600 nec
391 544 554 603 crudelem.
593 545 673 604 iilius
695 547 784 605 nimis
806 547 905 608 moitis
925 551 1052 623 animus

71 627 161 686 huius
183 624 275 684 nimis
296 625 391 685 durus
411 633 473 686 est=
496 634 682 702 temperatus
704 628 743 688 sit
764 629 890 704 sapiens
905 639 934 690 et
948 633 987 691 ad
1000 649 1052 693 res

73 711 182 770 fortius
199 709 337 784 agendas
352 725 413 769 non
429 709 519 784 iram,
536 712 593 770 sed
608 711 666 770 vim
682 713 834 773 adhibeat.

134 793 246 852 xvtlt.
280 791 1080 871 Quoniamquaedeiraquaerunturtra-1

73 877 281 950 movimus,
312 877 548 936 accedamus
576 879 621 937 ad
648 879 821 938 remedia
846 877 939 942 eius.
973 882 1052 942 Duo

71 965 269 1034 autem,ut
288 958 448 1034 opinor,
472 968 575 1021 sunt:
596 978 640 1022 ne
661 962 879 1024 incidamus
898 964 935 1025 in
959 961 1053 1024 iram

70 1051 106 1104 et
126 1044 229 1103 nein
250 1043 307 1101 ira
324 1057 537 1118 peccemus.
569 1045 609 1106 Ut
622 1045 652 1104 in
671 1061 835 1120 corporum
852 1062 926 1106 cura
939 1048 998 1107 alia
1014 1047 1054 1107 de

71 1128 187 1188 tuenda
203 1126 382 1200 valitudine,
401 1127 460 1187 alia
475 1127 514 1188 de
527 1128 717 1190 restituenda
733 1137 896 1205 praecepta
910 1137 996 1206 sunt,
1011 1131 1053 1190 ita

71 1212 160 1271 aliter
174 1211 251 1270 iram
265 1210 413 1270 debemus
428 1213 593 1286 repellere,
616 1212 702 1273 aliter
723 1229 922 1288 conpescere.
944 1221 988 1288 [ut
1009 1217 1052 1274 vi·

71 1299 194 1366 temus]
218 1294 407 1368 Quaedam
424 1294 707 1356 aduniversam
723 1297 836 1356 vitam
854 1299 1052 1372 pertinen·

72 1377 450 1452 tiapraeoipientnr
492 1378 1050 1441 eaineducationemetinse-

74 1462 235 1536 quentia
254 1467 428 1557 tempora
443 1461 678 1523 dividentur.

135 1545 286 1604 Educatio
299 1545 462 1605 maximam
478 1545 662 1642 diligentiam
677 1533 901 1622 plurimumque
917 1549 1082 1623 prointus

71 1645 139 1690 ram
164 1628 327 1688 desiderat
371 1629 460 1688 tacite
484 1637 532 1690 est
553 1631 633 1689 enim
656 1638 779 1692 teneros
804 1632 904 1690 adhuc
935 1631 1053 1692 animos

73 1727 267 1788 conponere,
297 1711 460 1772 difficulter
480 1713 656 1773 reciduntur
675 1715 760 1828 vitia,
788 1732 867 1790 quae
894 1715 1054 1776 nobiscum

73 1802 246 1856 creverunt.

135 1879 214 1939 XIX.
237 1878 502 1954 Opportunissima
518 1880 557 1939 ad
571 1880 760 1940 iracundiam
775 1881 882 1939 fervidi
899 1881 989 1940 animi
1001 1897 1054 1940 na·
1068 1893 1082 1947 1

73 1973 140 2024 tura
156 1970 213 2024 εει.
244 1977 312 2021 nam
329 1977 396 2022 cum
412 1965 560 2023 elementa
581 1965 642 2024 sint
663 1973 807 2040 quatuor,
829 1963 924 2038 ignis,
945 1980 1054 2039 aquae,

73 2048 170 2121 aeris,
194 2053 308 2120 terrae,
330 2053 498 2121 potestates
515 2064 605 2122 pares
620 2049 667 2108 his
683 2056 768 2122 sunt,
790 2047 921 2122 fervida,
937 2047 1055 2122 frigida,

72 2132 159 2191 arida
180 2138 275 2205 atque
290 2129 423 2190 humida.
457 2137 487 2190 et
506 2133 642 2192 locorum
662 2134 764 2206 itaque
785 2139 814 2190 et
833 2132 1006 2192 animalium
1027 2139 1056 2192 et

73 2231 241 2290 corporum
255 2220 285 2273 et
300 2229 415 2274 morum
432 2215 591 2275 varietates
608 2215 737 2276 mixtura
750 2217 966 2275 elementorum
985 2214 1057 2276 iacit

73 2306 103 2358 et
118 2299 248 2374 proinde
264 2297 293 2356 in
309 2298 429 2372 aliquos
444 2297 541 2372 magis
559 2299 736 2359 incumbunt
751 2299 881 2374 ingenia,
896 2306 988 2374 prout
1003 2297 1055 2358 aii-

73 2383 163 2442 cuius
179 2381 320 2442 elementi
335 2383 430 2442 maior
444 2381 490 2441 vis
506 2381 680 2442 abundavit.
712 2383 783 2442 inde
794 2383 943 2457 quasdam
957 2381 1055 2442 humi·

73 2468 131 2526 das
148 2481 296 2526 vocamus
318 2465 483 2540 aridasque
502 2466 647 2540 regiones
669 2474 698 2526 ει
724 2466 838 2525 calidas
864 2471 895 2524 et
920 2465 1054 2538 frigidas.

72 2550 190 2610 Eadem
216 2547 388 2608 animalium
416 2548 632 2626 hominumque
656 2547 831 2608 discrimina
852 2554 937 2606 sunt=
965 2549 1084 2614 retorta

74 2640 223 2708 quantum
239 2631 371 2706 quisque
385 2632 500 2692 humidi
514 2631 544 2692 in
560 2647 595 2693 se
609 2631 761 2706 calidique
776 2630 936 2690 contineat.
968 2630 1056 2690 cuius
1124 2639 1126 2642 ’

73 2718 171 2776 initio
188 2714 329 2781 elementi
346 2717 443 2790 portio
458 2715 654 2790 praevalebit,
670 2715 740 2774 inde
755 2728 856 2773 mores
872 2719 968 2772 erunt.
999 2714 1055 2772 ira·

74 2793 197 2862 cundos
213 2798 333 2858 fervida
348 2798 440 2858 animi
455 2807 562 2858 natura
578 2799 681 2859 faciet:
704 2805 751 2856 est
770 2796 850 2856 enim
867 2803 1012 2858 actuosus
1028 2804 1058 2858 et
1083 2859 1087 2867 ,

76 2879 217 2959 pertinax
231 2883 319 2956 ignis.
353 2881 454 2956 frigidi
474 2882 603 2942 mixtura
623 2881 746 2942 timidos
768 2881 852 2940 tacit:
876 2880 994 2955 pigrum
1010 2889 1058 2942 est

74 2969 157 3028 enim
173 2972 423 3041 contractumque
438 2966 543 3041 frigus.
565 2965 679 3026 Volunt
693 2965 796 3040 itaque
811 2965 933 3039 quidam
949 2981 988 3024 ex
1004 2981 1053 3024 no·
1069 2969 1087 3023 3

75 3053 146 3112 stris
162 3051 237 3110 iram
254 3049 284 3109 in
301 3056 424 3123 pectore
438 3049 553 3110 moveri
569 3049 789 3109 effervescente
810 3049 891 3107 circa
913 3063 966 3107 cor
987 3061 1057 3106 san·

73 3133 178 3209 guine.
211 3147 307 3193 causa
328 3147 382 3193 our
401 3133 450 3192 hie
472 3132 663 3208 potissimum
685 3133 862 3207 adsignetur
877 3131 940 3190 irae
960 3131 1057 3205 locus,

75 3236 137 3278 non
153 3217 285 3288 aliaest,
302 3233 393 3290 quam
409 3218 492 3291 quod
503 3217 533 3276 in
549 3223 612 3277 toto
629 3231 760 3291 corpore
772 3213 989 3294 calidissimum
1004 3229 1058 3288 pe·

75 3309 143 3362 otus
159 3309 218 3362 εει.
238 3301 367 3374 Quibus
383 3300 498 3360 humidi
514 3301 583 3375 plus
597 3301 692 3374 inest,
714 3315 819 3359 eorum
834 3299 977 3372 paulatim
992 3311 1056 3356 cre·
1068 3301 1086 3360 4

76 3386 205 3457 satira,
222 3385 370 3459 quianon
385 3391 431 3444 est
447 3391 572 3460 paratus
588 3384 645 3442 illis
662 3384 754 3455 calor,
776 3382 831 3440 sed
847 3386 931 3441 motu
949 3375 1057 3450 adqui·

75 3470 161 3530 ritur.
198 3467 303 3542 itaque
324 3483 487 3543 puerorum
510 3465 778 3541 feminarumque
771 3477 941 3602 traefiaores
962 3456 1059 3530 magis

119 3571 223 3610 suasca
236 3571 308 3610 anm
323 3555 343 3609 Ι.
