2554 3888
227 247 292 312 212
422 247 457 309 L.
478 245 627 338 ANNAEJ
648 244 824 306 SENECAE
845 246 948 307 DIAL.
963 245 999 305 X.

230 418 282 464 res
302 401 530 478 praeterierint,
557 416 626 460 cum
648 413 703 474 per
718 397 946 459 diversissimas
960 400 1072 460 domos
1085 402 1209 461 merito-

230 487 304 546 riam
332 485 545 545 salutationem
566 483 816 556 circumtulerint,
844 490 970 558 quotum
992 498 1147 558 quemque
1170 501 1208 544 ex

199 579 289 632 llam
316 571 455 629 inmensa
478 575 509 627 et
527 566 621 627 variis
643 567 861 641 cupiditatibus
877 566 1014 626 districta
1028 567 1106 627 urbe
1120 576 1209 642 pote·
1249 584 1251 590 ·

229 661 302 715 runt
316 653 441 712 videret
460 667 551 730 quam
567 651 651 711 multi
666 658 768 724 erunt,
785 661 914 724 quorum
929 651 998 710 illos
1013 657 1065 710 aut
1079 667 1208 712 somnus

230 747 282 798 aut
297 736 417 797 luxuria
432 743 484 795 out
498 734 702 795 inhumanitas
717 734 919 794 submoveat?
951 751 1042 810 quam
1054 736 1141 796 mulli
1157 737 1208 810 qui

230 823 314 892 illm,
342 836 410 879 cum
428 819 480 880 diu
500 818 660 893 torserint,
688 820 828 878 simulata
844 818 1038 878 testinatione
1051 825 1207 879 transcur-

228 911 318 965 ranlt
344 919 433 978 quam
456 903 540 963 multi
555 917 611 977 per
624 903 768 963 refertum
784 901 944 962 clientibus
959 903 1066 963 atrium
1083 903 1211 978 prodire

229 989 367 1049 vitabunt
381 993 411 1047 et
424 1001 481 1062 per
495 985 645 1046 obscuros
658 987 779 1046 aedium
792 984 892 1046 aditus
905 986 1100 1062 profugienti
1118 986 1210 1062 quasi

228 1088 290 1132 non
306 1071 501 1132 inhumanius
513 1070 553 1130 sit
563 1069 709 1144 decipere
721 1086 813 1145 quam
825 1070 999 1130 excludere.
1019 1086 1111 1145 quam
1122 1071 1210 1132 multi

228 1157 373 1216 hesterna
402 1155 527 1230 crapula
552 1154 757 1214 semisomnes
783 1152 964 1228 etgraves,
999 1153 1059 1214 illis
1087 1155 1211 1215 miseris

229 1255 320 1300 suum
342 1255 483 1300 somnum
497 1239 718 1312 rumpentibus,
739 1245 772 1298 ul
787 1235 919 1296 alienum
935 1244 1133 1313 exspectent,
1156 1240 1210 1298 vix

229 1323 378 1384 adlevatis
406 1323 500 1382 labris
526 1322 748 1381 insusurratum
774 1319 884 1380 millies
899 1337 1009 1381 nomen
1025 1321 1210 1382 oscitatione

198 1411 214 1461 5
230 1407 451 1482 superbissima
465 1405 617 1466 reddenti
637 1406 702 1464 Hos
719 1405 747 1463 in
763 1405 844 1464 veris
860 1404 970 1464 ciliciis
982 1404 1094 1464 morari
1108 1405 1211 1482 [pula-

230 1497 309 1563 mus]
326 1491 395 1550 licet
410 1490 557 1562 dicamus,
574 1489 626 1564 qui
640 1489 804 1562 Zenonem,
822 1489 873 1563 qui
884 1487 1079 1565 Pythagoran
1095 1489 1210 1550 cotidie

230 1582 259 1634 et
273 1575 478 1634 Democritum
494 1579 676 1647 ceterosque
694 1573 842 1633 antistites
858 1572 1007 1632 bonarum
1019 1574 1140 1647 artium,
1158 1575 1209 1648 qui

228 1658 424 1717 Aristotelem
438 1662 469 1716 et
481 1655 725 1730 Theophrastum
737 1657 841 1717 volent
850 1655 964 1715 habere
977 1672 1067 1730 quam
1080 1657 1210 1716 familia·
1261 1731 1262 1734 Ἴ

141 1746 143 1749 ’
228 1740 378 1800 rissimos.
401 1756 490 1800 nemo
507 1739 616 1801 horum
631 1738 838 1822 nonvacabit,
854 1755 944 1798 nemo
959 1757 1021 1800 non
1033 1740 1208 1801 venientem
1261 1735 1262 1752 ²

229 1824 270 1883 ad
284 1840 318 1884 sc
330 1825 496 1884 beatiorem
508 1824 769 1898 cruentioremqne
780 1823 828 1882 sui
841 1821 976 1884 dimittet.
999 1839 1088 1884 nemo
1101 1839 1207 1898 quem·
1261 1877 1262 1884 ,

231 1925 321 1982 quam
345 1907 453 1969 vacuis
475 1923 544 1968 ase
558 1908 698 1968 manibus
715 1906 799 1967 abire
814 1907 953 1980 patietur.
986 1914 1076 1968 nocte
1092 1923 1208 1968 conve-

231 1993 287 2051 niri
301 1999 333 2050 et
347 1991 478 2052 interdiu
493 1991 531 2050 ab
548 1992 691 2054 omnibus
707 1990 885 2051 mortalibus
900 1994 1058 2066 possunt.¹

203 2082 214 2132 l
290 2077 355 2134 XV.
387 2077 503 2135 Horum
526 2082 555 2134 te
575 2074 653 2135 mori
674 2089 764 2134 nemo
786 2080 890 2148 coget:
918 2091 1025 2135 omnes
1041 2073 1208 2134 docebunt.

230 2159 337 2219 lacuum
363 2172 453 2217 nemo
479 2174 577 2218 annos
603 2166 673 2219 tuos
700 2157 842 2219 conterit=
867 2175 941 2218 snos
963 2159 1015 2218 tibi
1033 2158 1208 2218 contribuit.
1260 2225 1261 2228 Ἴ

230 2242 342 2300 nullius
358 2255 396 2300 ex
410 2241 458 2300 his
475 2257 576 2302 sermo
594 2242 787 2318 periculosus
803 2241 872 2316 erit,
887 2243 998 2302 nullius
1011 2241 1144 2302 amicitia
1156 2257 1208 2301 ca·
1260 2231 1261 2246 ¹

231 2325 340 2399 pitalis,
356 2323 468 2385 nullius
484 2331 665 2401 sumptuosa
681 2326 866 2386 observatio.
888 2327 970 2386 leres
984 2326 1104 2397 exiliis,
1122 2326 1211 2400 quic:

231 2408 304 2482 quid
327 2410 423 2470 voles.
458 2423 514 2484 per
534 2409 603 2471 illos
623 2426 685 2470 non
706 2410 812 2482 stabit,
843 2408 1006 2484 quominus
1034 2409 1208 2484 plurimum,

200 2499 376 2568 tonantum
402 2493 537 2570 ceperis,
564 2494 698 2555 haurias.
732 2493 817 2567 Quae
836 2492 920 2554 illum
943 2492 1086 2568 felicitas,
1114 2509 1208 2569 quam
1259 2497 1260 2548 l

230 2577 357 2651 pulchra
372 2584 516 2638 senectus
531 2585 646 2649 manet,
663 2578 715 2652 qui
730 2593 764 2637 sc
779 2577 809 2636 in
825 2577 933 2638 horum
951 2577 1120 2638 clientelam
1132 2592 1206 2638 con-

230 2662 313 2720 tulit?
325 2661 465 2736 habebit,
480 2677 549 2722 curn
566 2662 677 2738 quibus
692 2661 732 2721 de
745 2661 877 2721 minimis
893 2660 1097 2737 maximisque
1110 2661 1206 2720 rebus

229 2745 392 2815 deliberet,
419 2762 499 2820 quos
522 2745 561 2804 de
582 2760 617 2805 se
632 2743 744 2805 cotidie
759 2745 914 2818 consulat,
941 2743 1086 2820 aquibus
1102 2744 1208 2804 audiat

229 2841 333 2886 uerum
350 2828 417 2888 sine
432 2829 624 2903 contumelia,
639 2829 779 2889 laudetur
793 2827 860 2887 sine
875 2829 1058 2902 adulatione,
1074 2828 1113 2888 ad
1129 2844 1206 2903 quo-

198 2917 214 2968 3
230 2927 297 2971 rum
315 2927 351 2971 se
365 2910 590 2972 similitudinem
606 2911 739 2986 effingat.
760 2910 901 2972 Solemus
915 2913 1018 2972 dicere
1033 2929 1094 2972 non
1108 2912 1205 2972 luisse

229 2995 258 3053 in
274 3003 382 3056 nostra
396 3001 563 3070 potestate,
586 3013 665 3071 quos
679 2993 858 3055 sortiremur
872 3003 1032 3070 parentes,
1054 2997 1134 3056 sorte
1150 3011 1202 3053 no·

229 3078 276 3138 bis
302 3081 408 3139 datos=
433 3079 524 3140 nobis
549 3095 624 3140 vero
640 3080 679 3138 od
694 3085 831 3140 nostrum
849 3079 1005 3140 arbitrium
1021 3080 1108 3140 nasci
1125 3079 1203 3138 licet.

212 3155 489 3224 'nobilissimorum
508 3163 699 3238 ingeniorum
714 3161 846 3222 familiae
861 3171 946 3224 sunt:
959 3161 1051 3237 elige
1063 3164 1095 3222 in
1113 3177 1203 3238 quam

231 3242 364 3304 adscisci
379 3247 465 3306 velis,
493 3263 555 3307 non
571 3247 600 3306 in
616 3261 727 3307 nomen
741 3253 857 3306 tantum
872 3247 1085 3324 adoptaberis,
1103 3247 1158 3306 sed
1175 3245 1202 3304 in

229 3327 299 3400 ipsa
318 3327 415 3398 bona,
440 3346 522 3402 quae
543 3347 604 3390 non
626 3336 714 3390 erunt
735 3331 860 3390 sordide
881 3346 939 3390 nec
953 3329 1086 3404 maligne
1100 3336 1203 3389 custo-

202 3408 357 3468 idiendae
377 3411 494 3472 maiora
508 3414 597 3485 fient,
619 3428 680 3488 quo
695 3411 747 3473 illa
761 3413 901 3487 pluribus
916 3413 1070 3474 diviseris.
1098 3413 1138 3473 Hi
1152 3413 1204 3474 tibi

232 3492 348 3552 dobunt
371 3495 410 3553 ad
425 3496 631 3556 aeternitatem
646 3497 703 3556 iter
717 3504 746 3556 et
760 3505 789 3556 te
804 3497 833 3556 in
849 3498 933 3558 illum
947 3500 1061 3570 locum,
1083 3511 1125 3558 cx
1141 3512 1203 3578 quo
1256 3513 1257 3566 1
