2546 3890
193 231 259 296 out
299 233 1009 310 n..lnnsnnnc.onolnnnur1noro.n.
1032 243 1058 299 r.

196 386 256 445 tiae
272 399 368 459 opera
380 392 459 446 sunt.
494 384 656 444 Clementia
668 385 796 446 liberum
810 384 967 446 arbitrium
977 385 1088 449 'habett
1105 401 1170 446 non

198 467 255 528 sub
270 469 413 538 formula,
431 468 488 528 sed
503 483 657 542 exaequo
673 475 703 529 et
718 468 801 529 bono
816 469 938 548 iudicat.
961 477 991 531 et
1004 461 1171 539 absolvere

197 552 239 612 illi
257 553 327 611 lieet
342 558 372 610 et
389 551 494 626 quanti
514 552 578 612 vull
599 554 712 612 taxare,
725 552 816 624 litem
844 551 929 614 ltilnt
954 569 992 612 ex
1015 551 1063 613 his
1084 551 1169 625 laeil,

195 644 350 710 tamquam
364 636 445 696 iusto
459 635 558 697 minus
575 636 695 709 lecerit,
710 636 769 696 sed,
783 645 937 716 tamquam
952 635 983 698 id
996 637 1080 711 quod
1092 652 1169 696 eon-

193 721 292 780 ·stituit
306 717 503 778 iustissimum
519 720 566 781 sit.
595 719 755 793 ignoscere
770 725 870 780 aulem
881 728 930 784 est
945 736 1035 794 quem
1046 720 1168 780 iudicas

195 802 385 878 puniendum
405 817 466 861 non
488 803 605 876 punire.
643 803 732 863 venia
753 803 872 863 debitae
888 803 1167 878 poenaeremissio
1259 805 1267 830 ¹

197 894 261 946 esta
287 885 446 945 elementia
460 885 519 945 hoe
535 887 662 960 primum
678 893 860 962 praestatori
878 900 957 960 quos
970 887 1105 959 dimittit,
1122 887 1168 945 ni-

193 969 237 1029 nil
255 969 338 1029 aliud-
350 969 419 1028 illos
437 969 497 1042 pati
513 969 658 1030 debuisse
673 972 856 1045 pronuntiet.
889 971 1008 1046 plenior
1023 979 1072 1030 est
1091 987 1167 1044 ergo

163 1065 184 1115 4
196 1069 287 1128 qrram
299 1052 439 1111 venia'et
453 1051 619 1114 honestior.
658 1055 702 1114 De
716 1053 828 1128 verbo,
849 1061 882 1115 ul
895 1071 964 1116 mea
973 1056 1035 1114 lert
1049 1053 1167 1129 opinio,

196 1135 406 1196 controversia
420 1141 482 1207 est,
505 1135 544 1196 de
558 1153 592 1197 re
608 1138 730 1212 quidem
746 1138 897 1200 convenit.
929 1137 1060 1212 Sapiens
1072 1139 1169 1198 multa

194 1221 338 1291 remittet,
359 1219 470 1278 mullos
493 1235 599 1293 parum
621 1221 702 1293 sani,
726 1222 783 1281 sed
803 1221 948 1287 sanabilis
968 1221 1081 1296 ingenii
1101 1237 1167 1280 ser-

194 1304 286 1363 vablt
313 1301 464 1390 agrieulas
479 1302 579 1366 bonos
593 1266 769 1377 imitabitur,
792 1305 844 1380 qui
858 1322 920 1368 non
934 1312 1049 1366 tantum
1062 1311 1167 1364 rectas

194 1385 406 1462 procerasque
424 1385 552 1476 arbores
573 1388 691 1454 colunt.
719 1389 778 1448 illis
805 1405 943 1464 quoque,
969 1405 1047 1464 quas
1062 1389 1168 1463 aliqua

195 1468 375 1545 depravant
387 1483 490 1542 eausa
506 1470 689 1530 admrnreule
700 1471 812 1545 qulbus
824 1471 990 1547 diruantur
1001 1471 1167 1548 adplreaut,

192 1554 270 1614 elias
285 1551 518 1624 circumcidunt,
534 1569 573 1613 ne
585 1552 797 1629 proceritatem
811 1555 886 1616 remi
902 1562 1053 1630 premant,
1072 1571 1166 1630 quas-
1269 1565 1270 1588 t

195 1637 265 1698 darn
279 1637 414 1696 infirmas
430 1635 502 1696 vitio
517 1637 577 1696 loei
592 1636 738 1733 nutriunt,
755 1638 938 1713 quibusdem
949 1639 1048 1700 aliena
1058 1637 1169 1700 umbra
1269 1653 1270 1706 3

162 1719 401 1780 elaborantibus
423 1720 542 1780 coelum
563 1719 710 1796 aperiunt
740 1722 926 1817 Ι[δεοιιηιίαιιι
945 1725 1030 1795 boec]
1051 1721 1171 1782 videbit

194 1804 358 1880 [perfectus
370 1804 519 1879 replumi,
543 1804 655 1878 quod
647 1805 801 1879 ngenium
820 1822 881 1880 qua
898 1808 1016 1868 ratione
1035 1813 1171 1866 tractan-

194 1887 266 1949 dum
281 1886 334 1960 sit,
359 1903 421 1962 quo
436 1887 528 1948 modo
543 1887 573 1946 in
587 1894 703 1949 reatum
718 1903 814 1964 prava
828 1888 997 1952 fleetuntur.
1010 1889 1026 1926 *
1038 1889 1081 1928 **
