2546 3890
220 243 285 308 266
510 241 543 302 L.
565 239 713 302 ANNAEI
735 239 910 302 SENECAE

220 424 232 456 s
307 393 445 454 Candida
458 393 496 454 de
508 395 592 454 niueo
604 391 767 452 subtemina
781 393 887 453 cellere
900 395 988 452 sumit

241 485 245 494 ’
304 479 400 538 Felici
411 477 595 538 αοαααααα
608 491 715 548 mana,
738 493 815 550 quoe
828 475 918 536 tincta
931 479 1057 536 colorem

305 561 504 636 Aommpsere
517 575 632 621 nouum.
661 561 810 620 mmantur
820 575 915 634 perna
927 575 1061 620 sorores:

303 644 442 705 Mutatur
453 645 881 719 ailsspretiosolonametollo.

304 727 407 788 Aurea
418 727 550 801 formoso
563 726 745 787 demendum
757 729 858 787 acuta
870 729 929 797 filo.

306 812 368 872 Nec
380 811 541 871 natusest
555 813 628 882 illes,
645 809 752 882 felicia
766 811 875 870 ultera
889 811 1001 871 ducunt

304 895 346 955 Et
354 895 489 968 euntem
500 896 614 969 inplere
627 909 742 953 manas.
768 903 836 953 sant
850 893 950 954 dulcia
961 909 1065 969 penso.

302 978 413 1052 Sponte
425 993 481 1038 sua
492 977 618 1050 sestt'rtm
629 993 704 1052 opus
717 979 855 1052 nulloque
868 977 969 1038 labore
1052 1025 1057 1030 ,

303 1061 409 1121 Mollia
422 1067 553 1122 contorto
566 1060 749 1120 descendunt
760 1062 888 1120 stamina
898 1060 979 1133 fuso.

310 1145 438 1206 Vincunt
453 1143 583 1216 Tithoni,
602 1147 723 1204 vincum
734 1150 763 1203 et
775 1145 905 1204 Nestoris
919 1158 1021 1203 annos.

304 1228 437 1288 Pltoebas
450 1229 537 1290 adest
548 1235 695 1302 cantuque
708 1231 791 1288 ittaat
799 1228 968 1302 condetque
978 1226 1094 1299 foturis

302 1311 343 1371 Et
355 1315 450 1372 taetus
464 1329 543 1372 nunc
554 1313 672 1387 plectra
685 1320 792 1384 mouet,
814 1328 893 1372 nunc
903 1326 1000 1387 pensa
1013 1312 1177 1371 ministrat.

302 1395 418 1456 Detinet
430 1397 555 1456 intentas
568 1401 657 1455 canta
668 1395 809 1470 fallitque
821 1396 961 1456 laborem.

301 1480 533 1554 Duosquenimis
543 1478 1195 1554 citharomfrotemaqaeoarminalaudant,

301 1563 373 1623 Ptas
385 1565 468 1624 solito
481 1579 590 1622 nouae
603 1578 708 1622 manns
721 1562 910 1637 humanoque
921 1563 991 1636 sota

214 1672 242 1706 a
303 1645 472 1707 laudatam
485 1645 684 1706 transscendit
695 1661 778 1720 opas.
813 1645 876 1718 „Ne
891 1647 1004 1717 demite,
1020 1646 1151 1718 Pareae,

301 1729 434 1790 Phoebas
446 1732 504 1789 ait:
524 1731 625 1789 oincot
636 1731 768 1796 mmtolt‘s
781 1736 914 1804 temporo
927 1733 1004 1790 vitoe

300 1812 359 1872 Ille
373 1813 447 1872 milti
457 1815 561 1886 simules
573 1815 650 1874 volta
663 1815 823 1888 sonosque
836 1813 957 1884 decore,

300 1896 362 1958 Nec
374 1901 465 1958 cantu
478 1914 533 1958 nea
547 1913 617 1958 uoce
629 1899 741 1958 minor:
758 1897 864 1971 feta'ciu
878 1893 965 1958 lassis

300 1980 409 2041 Secuta
416 1981 583 2056 praestabit
594 1985 747 2057 tecumque
760 1985 878 2042 silentio
891 1987 1016 2056 rumpet.

215 2089 241 2122 ιι,
302 2064 405 2134 Qualis
418 2066 576 2125 discuciens
586 2065 736 2141 facientia
749 2066 875 2139 Lucifer
887 2075 972 2125 astra

301 2146 361 2206 Aut
373 2150 470 2220 auctis
483 2152 580 2222 sarcit
592 2151 781 2209 reamnamo
794 2149 945 2224 Hesperus
959 2149 1063 2218 astris,

301 2229 418 2301 Qualis,
440 2246 507 2290 cam
518 2234 650 2306 nmmum
662 2233 788 2291 tenebris
801 2231 922 2291 Aurora
935 2233 1036 2292 solutis

299 2311 428 2372 Indaxit
440 2314 608 2375 rubtmtntia
621 2316 712 2387 dnm,
735 2313 787 2374 Sol
798 2314 927 2388 adspicit
937 2315 1036 2374 orbem
1051 2325 1054 2329 “

298 2395 1006 2472 Lucitasetprimosacarcereconcitatases:
1257 2411 1258 2460 t

214 2502 239 2535 aa
304 2478 384 2539 Totis
399 2479 510 2540 Caesar
523 2481 621 2554 adest,
642 2483 730 2540 tatem
744 2483 804 2540 iam
817 2479 912 2542 Roma
924 2481 1068 2540 Neronem
1257 2461 1258 2499 ¹

299 2563 460 2638 Adspiciet.
484 2567 601 2638 floarat
612 2565 723 2624 nitius
733 2563 857 2638 sulaore
869 2565 989 2623 remisso

308 2647 406 2708 Voltus
419 2653 448 2707 et
462 2647 573 2721 adfuso
585 2650 689 2708 cervia
699 2647 835 2720 formosa
848 2650 985 2722 capillo.“
1256 2701 1257 2708 ,

184 2727 298 2790 2Haec
319 2730 442 2804 Apollo.
472 2732 513 2791 At
531 2729 694 2803 Lachesis,
722 2746 800 2805 quoe
814 2738 844 2790 et
863 2731 932 2806 ipsa
945 2729 1059 2789 homini
1074 2729 1197 2792 formo·
1256 2713 1257 2781 i

213 2810 339 2872 sissimo
362 2813 492 2886 faveret,
515 2814 587 2873 lecit
602 2815 675 2873 illud
693 2814 782 2888 plenu
796 2831 888 2874 manu
904 2821 933 2872 et
947 2813 1060 2874 Neroni
1075 2813 1196 2874 multos

213 2911 313 2957 unuos
328 2895 368 2956 de
382 2913 440 2958 suo
456 2897 558 2957 donat.
591 2897 749 2959 Claudium
764 2905 863 2958 autem
879 2898 982 2957 iubent
996 2911 1105 2956 omnes

313 2978 502 3058 χαίροντας,
523 2973 757 3060 εὐφημοῦντας
769 2977 945 3060 ἐκπέμπειν
960 2971 1082 3057 δόμων.

213 3060 251 3120 Et
270 3063 321 3122 ille
342 3063 465 3138 quidem
487 3063 616 3126 unimam
636 3064 751 3126 ebulliit
765 3072 795 3124 et
810 3082 849 3126 ex
864 3080 901 3125 eo
917 3063 1008 3124 desiit
1019 3064 1127 3123 vivere
1148 3065 1195 3124 vi·

215 3143 289 3203 ocri.
311 3145 478 3222 exspiravit
492 3154 607 3222 autem,
623 3149 695 3208 dum
711 3148 877 3209 comoedos
888 3147 986 3221 audit,
1001 3155 1035 3208 ut
1046 3146 1131 3207 seius
1143 3163 1196 3207 me
1254 3207 1255 3210 ,

182 3232 276 3286 :loon
297 3229 363 3288 sine
384 3246 478 3290 causo
498 3231 566 3292 illos
587 3230 702 3292 timere.
737 3231 847 3293 Ultimo
860 3247 920 3291 vox
936 3231 1003 3291 eius
1018 3229 1096 3290 haec
1111 3230 1198 3291 inter

215 3309 355 3372 homiues
372 3312 552 3389 audiisset,
575 3331 644 3375 cum
658 3314 803 3376 maiorem
819 3313 951 3375 sonitum
966 3312 1123 3374 emisisset
1140 3315 1197 3374 illu

215 3401 317 3468 parte,
339 3411 400 3469 qua
417 3396 535 3458 facilius
550 3399 748 3472 loquebatur:
781 3400 866 3474 „Vae
879 3405 941 3458 met
961 3404 1052 3473 puto,
1075 3412 1196 3458 eoncu-

152 3551 160 3556 ..
213 3478 282 3536 cavi
297 3482 375 3536 me.“
409 3479 497 3550 Quod
511 3497 549 3538 an
564 3482 669 3542 lecerit
683 3483 804 3542 nescio:
827 3483 927 3542 omnia
942 3489 1024 3542 certe
1038 3497 1197 3542 concaca·
