<?xml version="1.0" encoding="UTF-8"?>
<!DOCTYPE html PUBLIC "-//W3C//DTD XHTML 1.0 Transitional//EN"
    "http://www.w3.org/TR/xhtml1/DTD/xhtml1-transitional.dtd">
<html xmlns="http://www.w3.org/1999/xhtml" xml:lang="en" lang="en">
 <head>
  <title>
</title>
<meta http-equiv="Content-Type" content="text/html;charset=utf-8" />
  <meta name='ocr-system' content='tesseract 3.04.00' />
  <meta name='ocr-capabilities' content='ocr_page ocr_carea ocr_par ocr_line ocrx_word'/>
</head>
<body>
  <div class='ocr_page' id='page_1' title='image "./operaquaesupers00senegoog_0059.png"; bbox 0 0 2522 3906; ppageno 0'>
   <div class='ocr_carea' id='block_1_1' title="bbox 179 284 870 355">
    <p class='ocr_par' dir='ltr' id='par_1_1' title="bbox 179 284 870 355">
     <span class='ocr_line' id='line_1_1' title="bbox 179 284 870 355; baseline -0.009 -5"><span class='ocrx_word' id='word_1_1' title='bbox 179 287 222 350; x_wconf 78' lang='lat' dir='ltr'>lo</span> <span class='ocrx_word' id='word_1_2' title='bbox 280 349 282 355; x_wconf 84' lang='grc'>,</span> <span class='ocrx_word' id='word_1_3' title='bbox 475 289 507 346; x_wconf 90' lang='lat' dir='ltr'>L.</span> <span class='ocrx_word' id='word_1_4' title='bbox 527 287 673 346; x_wconf 85' lang='lat' dir='ltr'>ANNAEI</span> <span class='ocrx_word' id='word_1_5' title='bbox 696 284 870 344; x_wconf 78' lang='lat' dir='ltr'>SENECAE</span> 
     </span>
    </p>
   </div>
   <div class='ocr_carea' id='block_1_2' title="bbox 81 433 1251 1930">
    <p class='ocr_par' dir='ltr' id='par_1_2' title="bbox 152 433 1166 844">
     <span class='ocr_line' id='line_1_2' title="bbox 152 433 1166 513; baseline -0.004 -15"><span class='ocrx_word' id='word_1_6' title='bbox 152 437 401 510; x_wconf 60' lang='lat' dir='ltr'>*neeessariam</span> <span class='ocrx_word' id='word_1_7' title='bbox 424 438 496 513; x_wconf 89' lang='lat' dir='ltr'>quia</span> <span class='ocrx_word' id='word_1_8' title='bbox 517 451 611 510; x_wconf 85' lang='lat' dir='ltr'>saepe</span> <span class='ocrx_word' id='word_1_9' title='bbox 630 435 794 495; x_wconf 87' lang='lat' dir='ltr'>validiores</span> <span class='ocrx_word' id='word_1_10' title='bbox 815 436 900 494; x_wconf 88' lang='lat' dir='ltr'>luror</span> <span class='ocrx_word' id='word_1_11' title='bbox 922 435 1029 494; x_wconf 90' lang='lat' dir='ltr'>reddit.</span> <span class='ocrx_word' id='word_1_12' title='bbox 1061 433 1166 508; x_wconf 80' lang='lat' dir='ltr'>Quinc</span> 
     </span>
     <span class='ocr_line' id='line_1_3' title="bbox 182 519 1165 597; baseline -0.004 -15"><span class='ocrx_word' id='word_1_13' title='bbox 182 539 243 582; x_wconf 91' lang='lat' dir='ltr'>uon</span> <span class='ocrx_word' id='word_1_14' title='bbox 268 521 451 597; x_wconf 82' lang='lat' dir='ltr'><strong>aliquotiens</strong></span> <span class='ocrx_word' id='word_1_15' title='bbox 476 527 574 580; x_wconf 89' lang='lat' dir='ltr'>metus</span> <span class='ocrx_word' id='word_1_16' title='bbox 598 535 637 578; x_wconf 86' lang='lat' dir='ltr'>ex</span> <span class='ocrx_word' id='word_1_17' title='bbox 661 519 812 578; x_wconf 80' lang='lat' dir='ltr'>conuario</span> <span class='ocrx_word' id='word_1_18' title='bbox 838 519 911 578; x_wconf 86' lang='lat' dir='ltr'>lecit</span> <span class='ocrx_word' id='word_1_19' title='bbox 934 519 1105 578; x_wconf 66' lang='lat' dir='ltr'>audacem?</span> <span class='ocrx_word' id='word_1_20' title='bbox 1132 526 1165 578; x_wconf 84' lang='lat' dir='ltr'>et</span> 
     </span>
     <span class='ocr_line' id='line_1_4' title="bbox 181 601 1162 676; baseline -0.004 -12"><span class='ocrx_word' id='word_1_21' title='bbox 181 606 287 666; x_wconf 92' lang='lat' dir='ltr'>mortis</span> <span class='ocrx_word' id='word_1_22' title='bbox 307 605 397 664; x_wconf 92' lang='lat' dir='ltr'>timor</span> <span class='ocrx_word' id='word_1_23' title='bbox 423 605 511 665; x_wconf 90' lang='lat' dir='ltr'>etiarn</span> <span class='ocrx_word' id='word_1_24' title='bbox 537 601 738 662; x_wconf 90' lang='lat' dir='ltr'>inertissimos</span> <span class='ocrx_word' id='word_1_25' title='bbox 767 601 911 662; x_wconf 87' lang='lat' dir='ltr'>excitavit</span> <span class='ocrx_word' id='word_1_26' title='bbox 929 601 959 661; x_wconf 94' lang='lat' dir='ltr'>in</span> <span class='ocrx_word' id='word_1_27' title='bbox 985 601 1162 676; x_wconf 71' lang='lat' dir='ltr'>proelium?</span> 
     </span>
     <span class='ocr_line' id='line_1_5' title="bbox 182 685 1162 762; baseline -0.004 -14"><span class='ocrx_word' id='word_1_28' title='bbox 182 689 243 749; x_wconf 86' lang='lat' dir='ltr'>Sed</span> <span class='ocrx_word' id='word_1_29' title='bbox 266 685 323 762; x_wconf 88' lang='lat' dir='ltr'>i&#39;ra,</span> <span class='ocrx_word' id='word_1_30' title='bbox 345 689 492 759; x_wconf 82' lang='lat' dir='ltr'>ebrietas,</span> <span class='ocrx_word' id='word_1_31' title='bbox 513 695 611 746; x_wconf 88' lang='lat' dir='ltr'>metus</span> <span class='ocrx_word' id='word_1_32' title='bbox 634 687 755 760; x_wconf 90' lang='lat' dir='ltr'>aliaque</span> <span class='ocrx_word' id='word_1_33' title='bbox 771 686 921 746; x_wconf 88' lang='lat' dir='ltr'>eiusmodi</span> <span class='ocrx_word' id='word_1_34' title='bbox 943 685 1035 746; x_wconf 91' lang='lat' dir='ltr'>loeda</span> <span class='ocrx_word' id='word_1_35' title='bbox 1057 693 1086 745; x_wconf 94' lang='lat' dir='ltr'>et</span> <span class='ocrx_word' id='word_1_36' title='bbox 1109 701 1162 744; x_wconf 88' lang='lat' dir='ltr'>ca-</span> 
     </span>
     <span class='ocr_line' id='line_1_6' title="bbox 182 768 1162 844; baseline -0.006 -12"><span class='ocrx_word' id='word_1_37' title='bbox 182 774 260 832; x_wconf 89' lang='lat' dir='ltr'>duca</span> <span class='ocrx_word' id='word_1_38' title='bbox 282 773 471 832; x_wconf 88' lang='lat' dir='ltr'>inritamenta</span> <span class='ocrx_word' id='word_1_39' title='bbox 491 779 561 831; x_wconf 90' lang='lat' dir='ltr'>sunt</span> <span class='ocrx_word' id='word_1_40' title='bbox 576 786 632 830; x_wconf 87' lang='lat' dir='ltr'>neo</span> <span class='ocrx_word' id='word_1_41' title='bbox 646 769 788 830; x_wconf 89' lang='lat' dir='ltr'>virtutem</span> <span class='ocrx_word' id='word_1_42' title='bbox 802 769 962 843; x_wconf 86' lang='lat' dir='ltr'>instruunt,</span> <span class='ocrx_word' id='word_1_43' title='bbox 985 784 1065 844; x_wconf 91' lang='lat' dir='ltr'>quae</span> <span class='ocrx_word' id='word_1_44' title='bbox 1085 768 1162 828; x_wconf 90' lang='lat' dir='ltr'>nihil</span> 
     </span>
    </p>

    <p class='ocr_par' dir='ltr' id='par_1_3' title="bbox 81 853 1163 930">
     <span class='ocr_line' id='line_1_7' title="bbox 81 853 1163 930; baseline -0.002 -16"><span class='ocrx_word' id='word_1_45' title='bbox 81 864 84 870; x_wconf 81' lang='grc'>’</span> <span class='ocrx_word' id='word_1_46' title='bbox 182 855 261 915; x_wconf 90' lang='lat' dir='ltr'>vitiis</span> <span class='ocrx_word' id='word_1_47' title='bbox 283 864 366 929; x_wconf 84' lang='lat' dir='ltr'>eget,</span> <span class='ocrx_word' id='word_1_48' title='bbox 389 856 445 914; x_wconf 89' lang='lat' dir='ltr'>sed</span> <span class='ocrx_word' id='word_1_49' title='bbox 460 857 585 930; x_wconf 83' lang='lat' dir='ltr'>segnem</span> <span class='ocrx_word' id='word_1_50' title='bbox 607 855 720 928; x_wconf 79' lang='lat' dir='ltr'>alloqui</span> <span class='ocrx_word' id='word_1_51' title='bbox 736 853 867 913; x_wconf 91' lang='lat' dir='ltr'>animum</span> <span class='ocrx_word' id='word_1_52' title='bbox 882 861 913 914; x_wconf 87' lang='lat' dir='ltr'>et</span> <span class='ocrx_word' id='word_1_53' title='bbox 926 853 1070 927; x_wconf 87' lang='lat' dir='ltr'>ignavum</span> <span class='ocrx_word' id='word_1_54' title='bbox 1085 868 1163 928; x_wconf 90' lang='lat' dir='ltr'>pau-</span> 
     </span>
    </p>

    <p class='ocr_par' dir='ltr' id='par_1_4' title="bbox 153 937 1251 1348">
     <span class='ocr_line' id='line_1_8' title="bbox 153 937 1165 1012; baseline -0.001 -15"><span class='ocrx_word' id='word_1_55' title='bbox 153 940 243 999; x_wconf 73' lang='lat' dir='ltr'>olum</span> <span class='ocrx_word' id='word_1_56' title='bbox 263 938 414 998; x_wconf 89' lang='lat' dir='ltr'>adlevant.</span> <span class='ocrx_word' id='word_1_57' title='bbox 442 938 537 997; x_wconf 86' lang='lat' dir='ltr'>Nemo</span> <span class='ocrx_word' id='word_1_58' title='bbox 558 938 720 998; x_wconf 81' lang='lat' dir='ltr'>irascendo</span> <span class='ocrx_word' id='word_1_59' title='bbox 736 938 770 997; x_wconf 89' lang='lat' dir='ltr'>lit</span> <span class='ocrx_word' id='word_1_60' title='bbox 784 937 905 1011; x_wconf 82' lang='lat' dir='ltr'>fortior,</span> <span class='ocrx_word' id='word_1_61' title='bbox 928 937 987 998; x_wconf 91' lang='lat' dir='ltr'>nisi</span> <span class='ocrx_word' id='word_1_62' title='bbox 1003 937 1054 1012; x_wconf 94' lang='lat' dir='ltr'>qui</span> <span class='ocrx_word' id='word_1_63' title='bbox 1072 937 1165 997; x_wconf 82' lang='lat' dir='ltr'>fortis</span> 
     </span>
     <span class='ocr_line' id='line_1_9' title="bbox 183 1020 1251 1095; baseline -0.003 -14"><span class='ocrx_word' id='word_1_64' title='bbox 183 1023 249 1082; x_wconf 89' lang='lat' dir='ltr'>sine</span> <span class='ocrx_word' id='word_1_65' title='bbox 269 1022 314 1080; x_wconf 90' lang='lat' dir='ltr'>ira</span> <span class='ocrx_word' id='word_1_66' title='bbox 336 1039 398 1081; x_wconf 92' lang='lat' dir='ltr'>non</span> <span class='ocrx_word' id='word_1_67' title='bbox 414 1021 532 1082; x_wconf 88' lang='lat' dir='ltr'>luisset.</span> <span class='ocrx_word' id='word_1_68' title='bbox 562 1023 602 1082; x_wconf 90' lang='lat' dir='ltr'>ita</span> <span class='ocrx_word' id='word_1_69' title='bbox 617 1038 677 1081; x_wconf 94' lang='lat' dir='ltr'>non</span> <span class='ocrx_word' id='word_1_70' title='bbox 694 1023 724 1082; x_wconf 92' lang='lat' dir='ltr'>in</span> <span class='ocrx_word' id='word_1_71' title='bbox 739 1020 921 1081; x_wconf 91' lang='lat' dir='ltr'>adiutorium</span> <span class='ocrx_word' id='word_1_72' title='bbox 935 1020 1053 1081; x_wconf 88' lang='lat' dir='ltr'>virtutis</span> <span class='ocrx_word' id='word_1_73' title='bbox 1068 1021 1164 1095; x_wconf 80' lang='lat' dir='ltr'>venit,</span> <span class='ocrx_word' id='word_1_74' title='bbox 1250 1031 1251 1042; x_wconf 61' lang='lat'>¹</span> 
     </span>
     <span class='ocr_line' id='line_1_10' title="bbox 182 1104 1251 1180; baseline 0 -16"><span class='ocrx_word' id='word_1_75' title='bbox 182 1105 239 1164; x_wconf 90' lang='lat' dir='ltr'>sed</span> <span class='ocrx_word' id='word_1_76' title='bbox 259 1106 288 1163; x_wconf 93' lang='lat' dir='ltr'>in</span> <span class='ocrx_word' id='word_1_77' title='bbox 304 1104 411 1165; x_wconf 90' lang='lat' dir='ltr'>vicem.</span> <span class='ocrx_word' id='word_1_78' title='bbox 439 1105 515 1179; x_wconf 84' lang='lat' dir='ltr'>Quid</span> <span class='ocrx_word' id='word_1_79' title='bbox 532 1107 631 1180; x_wconf 88' lang='lat' dir='ltr'>quod,</span> <span class='ocrx_word' id='word_1_80' title='bbox 650 1106 677 1164; x_wconf 92' lang='lat' dir='ltr'>si</span> <span class='ocrx_word' id='word_1_81' title='bbox 692 1106 806 1164; x_wconf 91' lang='lat' dir='ltr'>bonum</span> <span class='ocrx_word' id='word_1_82' title='bbox 821 1111 905 1164; x_wconf 87' lang='lat' dir='ltr'>esset</span> <span class='ocrx_word' id='word_1_83' title='bbox 918 1105 979 1178; x_wconf 88' lang='lat' dir='ltr'>ira,</span> <span class='ocrx_word' id='word_1_84' title='bbox 1000 1105 1164 1180; x_wconf 85' lang='lat' dir='ltr'>perlectis·</span> <span class='ocrx_word' id='word_1_85' title='bbox 1250 1113 1251 1174; x_wconf 61' lang='lat' dir='ltr'><em>g</em></span> 
     </span>
     <span class='ocr_line' id='line_1_11' title="bbox 182 1187 1165 1264; baseline 0 -16"><span class='ocrx_word' id='word_1_86' title='bbox 182 1190 290 1248; x_wconf 89' lang='lat' dir='ltr'>simum</span> <span class='ocrx_word' id='word_1_87' title='bbox 307 1205 460 1264; x_wconf 92' lang='lat' dir='ltr'>quemque</span> <span class='ocrx_word' id='word_1_88' title='bbox 473 1195 671 1264; x_wconf 74' lang='lat' dir='ltr'>sequeretur?</span> <span class='ocrx_word' id='word_1_89' title='bbox 690 1188 774 1264; x_wconf 91' lang='lat' dir='ltr'>atqui</span> <span class='ocrx_word' id='word_1_90' title='bbox 787 1188 1015 1249; x_wconf 83' lang='lat' dir='ltr'>iracundissimi</span> <span class='ocrx_word' id='word_1_91' title='bbox 1029 1187 1165 1248; x_wconf 79' lang='lat' dir='ltr'>infantes</span> 
     </span>
     <span class='ocr_line' id='line_1_12' title="bbox 182 1272 1165 1348; baseline -0.001 -16"><span class='ocrx_word' id='word_1_92' title='bbox 182 1287 337 1347; x_wconf 88' lang='lat' dir='ltr'>senesque</span> <span class='ocrx_word' id='word_1_93' title='bbox 358 1281 388 1332; x_wconf 92' lang='lat' dir='ltr'>et</span> <span class='ocrx_word' id='word_1_94' title='bbox 408 1273 491 1346; x_wconf 81' lang='lat' dir='ltr'>aegri</span> <span class='ocrx_word' id='word_1_95' title='bbox 513 1281 591 1332; x_wconf 87' lang='lat' dir='ltr'>sunt.</span> <span class='ocrx_word' id='word_1_96' title='bbox 624 1279 654 1332; x_wconf 88' lang='lat' dir='ltr'>et</span> <span class='ocrx_word' id='word_1_97' title='bbox 674 1272 836 1332; x_wconf 90' lang='lat' dir='ltr'>invalidum</span> <span class='ocrx_word' id='word_1_98' title='bbox 855 1287 944 1331; x_wconf 90' lang='lat' dir='ltr'>omne</span> <span class='ocrx_word' id='word_1_99' title='bbox 960 1280 1067 1332; x_wconf 91' lang='lat' dir='ltr'>natura</span> <span class='ocrx_word' id='word_1_100' title='bbox 1085 1289 1165 1348; x_wconf 85' lang='lat' dir='ltr'>que·</span> 
     </span>
    </p>

    <p class='ocr_par' dir='ltr' id='par_1_5' title="bbox 129 1356 351 1416">
     <span class='ocr_line' id='line_1_13' title="bbox 129 1356 351 1416; baseline -0.005 -2"><span class='ocrx_word' id='word_1_101' title='bbox 129 1389 133 1396; x_wconf 91' lang='lat'><em>-</em></span> <span class='ocrx_word' id='word_1_102' title='bbox 182 1356 281 1416; x_wconf 90' lang='lat' dir='ltr'>rulum</span> <span class='ocrx_word' id='word_1_103' title='bbox 295 1363 351 1415; x_wconf 87' lang='lat' dir='ltr'>est.</span> 
     </span>
    </p>

    <p class='ocr_par' dir='ltr' id='par_1_6' title="bbox 157 1438 1165 1680">
     <span class='ocr_line' id='line_1_14' title="bbox 157 1438 1165 1514; baseline 0.002 -18"><span class='ocrx_word' id='word_1_104' title='bbox 157 1447 169 1496; x_wconf 89' lang='lat' dir='ltr'>l</span> <span class='ocrx_word' id='word_1_105' title='bbox 245 1441 323 1498; x_wconf 89' lang='lat' dir='ltr'><strong>XIV.</strong></span> <span class='ocrx_word' id='word_1_106' title='bbox 347 1440 438 1512; x_wconf 93' lang='lat' dir='ltr'>„Non</span> <span class='ocrx_word' id='word_1_107' title='bbox 460 1447 561 1513; x_wconf 88' lang='lat' dir='ltr'>potest</span> <span class='ocrx_word' id='word_1_108' title='bbox 581 1439 678 1514; x_wconf 92' lang='lat' dir='ltr'>inquit</span> <span class='ocrx_word' id='word_1_109' title='bbox 696 1439 763 1498; x_wconf 86' lang='lat' dir='ltr'>lieri</span> <span class='ocrx_word' id='word_1_110' title='bbox 777 1438 1021 1513; x_wconf 81' lang='lat' dir='ltr'>Theophrastus,</span> <span class='ocrx_word' id='word_1_111' title='bbox 1045 1447 1079 1498; x_wconf 89' lang='lat' dir='ltr'>ut</span> <span class='ocrx_word' id='word_1_112' title='bbox 1098 1455 1165 1498; x_wconf 91' lang='lat' dir='ltr'>non</span> 
     </span>
     <span class='ocr_line' id='line_1_15' title="bbox 182 1523 1164 1597; baseline 0 -15"><span class='ocrx_word' id='word_1_113' title='bbox 182 1525 229 1582; x_wconf 90' lang='lat' dir='ltr'>vir</span> <span class='ocrx_word' id='word_1_114' title='bbox 250 1524 350 1583; x_wconf 90' lang='lat' dir='ltr'>bonus</span> <span class='ocrx_word' id='word_1_115' title='bbox 366 1524 514 1582; x_wconf 85' lang='lat' dir='ltr'>irascatur</span> <span class='ocrx_word' id='word_1_116' title='bbox 534 1523 651 1580; x_wconf 87' lang='lat' dir='ltr'>malis.“</span> <span class='ocrx_word' id='word_1_117' title='bbox 678 1524 740 1582; x_wconf 88' lang='lat' dir='ltr'>Isto</span> <span class='ocrx_word' id='word_1_118' title='bbox 762 1523 854 1582; x_wconf 91' lang='lat' dir='ltr'>modo</span> <span class='ocrx_word' id='word_1_119' title='bbox 873 1538 933 1597; x_wconf 90' lang='lat' dir='ltr'>quo</span> <span class='ocrx_word' id='word_1_120' title='bbox 954 1523 1061 1582; x_wconf 87' lang='lat' dir='ltr'>melior</span> <span class='ocrx_word' id='word_1_121' title='bbox 1076 1524 1164 1596; x_wconf 88' lang='lat' dir='ltr'>quis-</span> 
     </span>
     <span class='ocr_line' id='line_1_16' title="bbox 185 1604 1165 1680; baseline 0 -14"><span class='ocrx_word' id='word_1_122' title='bbox 185 1623 259 1680; x_wconf 91' lang='lat' dir='ltr'>que,</span> <span class='ocrx_word' id='word_1_123' title='bbox 281 1606 340 1665; x_wconf 91' lang='lat' dir='ltr'>hoo</span> <span class='ocrx_word' id='word_1_124' title='bbox 362 1606 535 1665; x_wconf 89' lang='lat' dir='ltr'>iracundior</span> <span class='ocrx_word' id='word_1_125' title='bbox 557 1604 630 1664; x_wconf 86' lang='lat' dir='ltr'>erit:</span> <span class='ocrx_word' id='word_1_126' title='bbox 651 1604 722 1664; x_wconf 90' lang='lat' dir='ltr'>vide</span> <span class='ocrx_word' id='word_1_127' title='bbox 742 1621 781 1663; x_wconf 89' lang='lat' dir='ltr'>ne</span> <span class='ocrx_word' id='word_1_128' title='bbox 796 1613 901 1666; x_wconf 90' lang='lat' dir='ltr'>contra</span> <span class='ocrx_word' id='word_1_129' title='bbox 916 1605 1063 1680; x_wconf 83' lang='lat' dir='ltr'>placidior</span> <span class='ocrx_word' id='word_1_130' title='bbox 1078 1608 1165 1667; x_wconf 91' lang='lat' dir='ltr'>solu-</span> 
     </span>
    </p>

    <p class='ocr_par' dir='ltr' id='par_1_7' title="bbox 154 1688 1167 1930">
     <span class='ocr_line' id='line_1_17' title="bbox 154 1688 1166 1763; baseline 0.005 -18"><span class='ocrx_word' id='word_1_131' title='bbox 154 1695 295 1763; x_wconf 78' lang='lat' dir='ltr'>atusque</span> <span class='ocrx_word' id='word_1_132' title='bbox 318 1688 489 1748; x_wconf 81' lang='lat' dir='ltr'>adfectibus</span> <span class='ocrx_word' id='word_1_133' title='bbox 511 1695 540 1747; x_wconf 89' lang='lat' dir='ltr'>et</span> <span class='ocrx_word' id='word_1_134' title='bbox 560 1689 608 1748; x_wconf 93' lang='lat' dir='ltr'>cui</span> <span class='ocrx_word' id='word_1_135' title='bbox 629 1705 718 1748; x_wconf 89' lang='lat' dir='ltr'>nemo</span> <span class='ocrx_word' id='word_1_136' title='bbox 740 1688 811 1748; x_wconf 94' lang='lat' dir='ltr'>odio</span> <span class='ocrx_word' id='word_1_137' title='bbox 833 1691 881 1749; x_wconf 91' lang='lat' dir='ltr'>sit.</span> <span class='ocrx_word' id='word_1_138' title='bbox 913 1689 1070 1750; x_wconf 87' lang='lat' dir='ltr'>Peccantis</span> <span class='ocrx_word' id='word_1_139' title='bbox 1086 1706 1166 1750; x_wconf 88' lang='lat' dir='ltr'>vero</span> 
     </span>
     <span class='ocr_line' id='line_1_18' title="bbox 185 1771 1167 1846; baseline 0.003 -16"><span class='ocrx_word' id='word_1_140' title='bbox 185 1772 258 1846; x_wconf 89' lang='lat' dir='ltr'>quid</span> <span class='ocrx_word' id='word_1_141' title='bbox 272 1771 364 1830; x_wconf 90' lang='lat' dir='ltr'>habet</span> <span class='ocrx_word' id='word_1_142' title='bbox 379 1788 432 1830; x_wconf 91' lang='lat' dir='ltr'>cur</span> <span class='ocrx_word' id='word_1_143' title='bbox 447 1773 558 1844; x_wconf 88' lang='lat' dir='ltr'>oderit,</span> <span class='ocrx_word' id='word_1_144' title='bbox 575 1787 642 1831; x_wconf 91' lang='lat' dir='ltr'>cum</span> <span class='ocrx_word' id='word_1_145' title='bbox 658 1787 743 1831; x_wconf 89' lang='lat' dir='ltr'>error</span> <span class='ocrx_word' id='word_1_146' title='bbox 756 1773 824 1832; x_wconf 91' lang='lat' dir='ltr'>illos</span> <span class='ocrx_word' id='word_1_147' title='bbox 840 1774 869 1831; x_wconf 92' lang='lat' dir='ltr'>in</span> <span class='ocrx_word' id='word_1_148' title='bbox 885 1774 1035 1832; x_wconf 91' lang='lat' dir='ltr'>eiusmodi</span> <span class='ocrx_word' id='word_1_149' title='bbox 1051 1773 1167 1833; x_wconf 88' lang='lat' dir='ltr'>delicta</span> 
     </span>
     <span class='ocr_line' id='line_1_19' title="bbox 184 1856 1165 1930; baseline 0.002 -15"><span class='ocrx_word' id='word_1_150' title='bbox 184 1856 357 1930; x_wconf 72' lang='lat' dir='ltr'>conpellat?</span> <span class='ocrx_word' id='word_1_151' title='bbox 371 1871 432 1915; x_wconf 91' lang='lat' dir='ltr'>non</span> <span class='ocrx_word' id='word_1_152' title='bbox 448 1863 496 1915; x_wconf 90' lang='lat' dir='ltr'>est</span> <span class='ocrx_word' id='word_1_153' title='bbox 509 1862 608 1915; x_wconf 87' lang='lat' dir='ltr'>autem</span> <span class='ocrx_word' id='word_1_154' title='bbox 624 1856 782 1930; x_wconf 89' lang='lat' dir='ltr'>prudentis</span> <span class='ocrx_word' id='word_1_155' title='bbox 798 1857 926 1916; x_wconf 88' lang='lat' dir='ltr'>errantis</span> <span class='ocrx_word' id='word_1_156' title='bbox 943 1857 1064 1927; x_wconf 86' lang='lat' dir='ltr'>odisse;</span> <span class='ocrx_word' id='word_1_157' title='bbox 1087 1857 1165 1917; x_wconf 92' lang='lat' dir='ltr'>alio-</span> 
     </span>
    </p>
   </div>
   <div class='ocr_carea' id='block_1_3' title="bbox 182 1938 1252 2098">
    <p class='ocr_par' dir='ltr' id='par_1_8' title="bbox 182 1938 1252 2098">
     <span class='ocr_line' id='line_1_20' title="bbox 184 1938 1252 2015; baseline -0.001 -18"><span class='ocrx_word' id='word_1_158' title='bbox 184 1941 255 2015; x_wconf 90' lang='lat' dir='ltr'>quin</span> <span class='ocrx_word' id='word_1_159' title='bbox 272 1939 340 2014; x_wconf 91' lang='lat' dir='ltr'>ipse</span> <span class='ocrx_word' id='word_1_160' title='bbox 355 1938 412 1998; x_wconf 89' lang='lat' dir='ltr'>sibi</span> <span class='ocrx_word' id='word_1_161' title='bbox 426 1939 496 1998; x_wconf 93' lang='lat' dir='ltr'>odio</span> <span class='ocrx_word' id='word_1_162' title='bbox 508 1939 572 1997; x_wconf 88' lang='lat' dir='ltr'>erit.</span> <span class='ocrx_word' id='word_1_163' title='bbox 596 1939 712 2012; x_wconf 82' lang='lat' dir='ltr'>Cogitet</span> <span class='ocrx_word' id='word_1_164' title='bbox 724 1955 813 2015; x_wconf 92' lang='lat' dir='ltr'>quam</span> <span class='ocrx_word' id='word_1_165' title='bbox 825 1941 919 1999; x_wconf 90' lang='lat' dir='ltr'>multa</span> <span class='ocrx_word' id='word_1_166' title='bbox 931 1941 1166 2000; x_wconf 89' lang='lat' dir='ltr'>eontrabonum</span> <span class='ocrx_word' id='word_1_167' title='bbox 1251 1973 1252 1996; x_wconf 81' lang='lat' dir='ltr'>t</span> 
     </span>
     <span class='ocr_line' id='line_1_21' title="bbox 182 2021 1252 2098; baseline 0.001 -17"><span class='ocrx_word' id='word_1_168' title='bbox 182 2039 298 2083; x_wconf 89' lang='lat' dir='ltr'>morem</span> <span class='ocrx_word' id='word_1_169' title='bbox 318 2022 424 2094; x_wconf 84' lang='lat' dir='ltr'>iaciat,</span> <span class='ocrx_word' id='word_1_170' title='bbox 447 2038 536 2095; x_wconf 88' lang='lat' dir='ltr'>quarn</span> <span class='ocrx_word' id='word_1_171' title='bbox 558 2024 650 2082; x_wconf 92' lang='lat' dir='ltr'>multa</span> <span class='ocrx_word' id='word_1_172' title='bbox 666 2039 705 2081; x_wconf 87' lang='lat' dir='ltr'>ex</span> <span class='ocrx_word' id='word_1_173' title='bbox 719 2021 767 2083; x_wconf 90' lang='lat' dir='ltr'>his</span> <span class='ocrx_word' id='word_1_174' title='bbox 783 2039 861 2097; x_wconf 88' lang='lat' dir='ltr'>quae</span> <span class='ocrx_word' id='word_1_175' title='bbox 877 2024 951 2098; x_wconf 87' lang='lat' dir='ltr'>egit,</span> <span class='ocrx_word' id='word_1_176' title='bbox 973 2025 1093 2083; x_wconf 88' lang='lat' dir='ltr'>veniam</span> <span class='ocrx_word' id='word_1_177' title='bbox 1108 2024 1164 2082; x_wconf 91' lang='lat' dir='ltr'>de·</span> <span class='ocrx_word' id='word_1_178' title='bbox 1251 2053 1252 2062; x_wconf 24' lang='grc' dir='ltr'><strong>κ</strong></span> 
     </span>
    </p>
   </div>
   <div class='ocr_carea' id='block_1_4' title="bbox 88 2105 1168 3599">
    <p class='ocr_par' dir='ltr' id='par_1_9' title="bbox 153 2105 1168 2349">
     <span class='ocr_line' id='line_1_22' title="bbox 183 2105 1167 2182; baseline 0.003 -16"><span class='ocrx_word' id='word_1_179' title='bbox 183 2107 331 2166; x_wconf 81' lang='lat' dir='ltr'>siderent:</span> <span class='ocrx_word' id='word_1_180' title='bbox 352 2105 410 2164; x_wconf 93' lang='lat' dir='ltr'>iarn</span> <span class='ocrx_word' id='word_1_181' title='bbox 430 2105 580 2165; x_wconf 90' lang='lat' dir='ltr'>irascetur</span> <span class='ocrx_word' id='word_1_182' title='bbox 598 2107 686 2165; x_wconf 86' lang='lat' dir='ltr'>etiarn</span> <span class='ocrx_word' id='word_1_183' title='bbox 711 2105 778 2166; x_wconf 92' lang='lat' dir='ltr'>sibi.</span> <span class='ocrx_word' id='word_1_184' title='bbox 812 2122 913 2182; x_wconf 85' lang='lat' dir='ltr'>neque</span> <span class='ocrx_word' id='word_1_185' title='bbox 937 2107 1017 2166; x_wconf 87' lang='lat' dir='ltr'>enim</span> <span class='ocrx_word' id='word_1_186' title='bbox 1042 2125 1167 2182; x_wconf 89' lang='lat' dir='ltr'>aequus</span> 
     </span>
     <span class='ocr_line' id='line_1_23' title="bbox 182 2188 1168 2262; baseline 0.003 -14"><span class='ocrx_word' id='word_1_187' title='bbox 182 2189 276 2248; x_wconf 86' lang='lat' dir='ltr'>iudex</span> <span class='ocrx_word' id='word_1_188' title='bbox 300 2188 388 2247; x_wconf 89' lang='lat' dir='ltr'>aliam</span> <span class='ocrx_word' id='word_1_189' title='bbox 412 2189 450 2247; x_wconf 88' lang='lat' dir='ltr'>de</span> <span class='ocrx_word' id='word_1_190' title='bbox 476 2205 547 2262; x_wconf 90' lang='lat' dir='ltr'>sua,</span> <span class='ocrx_word' id='word_1_191' title='bbox 572 2191 661 2248; x_wconf 89' lang='lat' dir='ltr'>aliam</span> <span class='ocrx_word' id='word_1_192' title='bbox 679 2190 720 2248; x_wconf 86' lang='lat' dir='ltr'>de</span> <span class='ocrx_word' id='word_1_193' title='bbox 747 2189 846 2248; x_wconf 89' lang='lat' dir='ltr'>aliena</span> <span class='ocrx_word' id='word_1_194' title='bbox 867 2207 962 2250; x_wconf 89' lang='lat' dir='ltr'>eausa</span> <span class='ocrx_word' id='word_1_195' title='bbox 982 2193 1168 2250; x_wconf 87' lang='lat' dir='ltr'>sententiam</span> 
     </span>
     <span class='ocr_line' id='line_1_24' title="bbox 153 2271 1165 2349; baseline 0.005 -22"><span class='ocrx_word' id='word_1_196' title='bbox 153 2274 248 2332; x_wconf 74' lang='lat' dir='ltr'>biert.</span> <span class='ocrx_word' id='word_1_197' title='bbox 276 2271 387 2342; x_wconf 86' lang='lat' dir='ltr'>Nemo,</span> <span class='ocrx_word' id='word_1_198' title='bbox 406 2272 543 2346; x_wconf 90' lang='lat' dir='ltr'>inquam,</span> <span class='ocrx_word' id='word_1_199' title='bbox 566 2273 736 2332; x_wconf 88' lang='lat' dir='ltr'>invenietur</span> <span class='ocrx_word' id='word_1_200' title='bbox 757 2273 809 2348; x_wconf 93' lang='lat' dir='ltr'>qui</span> <span class='ocrx_word' id='word_1_201' title='bbox 824 2289 859 2332; x_wconf 90' lang='lat' dir='ltr'>se</span> <span class='ocrx_word' id='word_1_202' title='bbox 874 2274 973 2349; x_wconf 92' lang='lat' dir='ltr'>possit</span> <span class='ocrx_word' id='word_1_203' title='bbox 986 2275 1165 2336; x_wconf 87' lang='lat' dir='ltr'>absolvere.</span> 
     </span>
    </p>

    <p class='ocr_par' dir='ltr' id='par_1_10' title="bbox 88 2355 1168 2766">
     <span class='ocr_line' id='line_1_25' title="bbox 88 2355 1165 2433; baseline 0.005 -19"><span class='ocrx_word' id='word_1_204' title='bbox 88 2411 94 2421; x_wconf 80' lang='grc'><strong>,</strong></span> <span class='ocrx_word' id='word_1_205' title='bbox 182 2363 213 2414; x_wconf 91' lang='lat' dir='ltr'>et</span> <span class='ocrx_word' id='word_1_206' title='bbox 232 2357 426 2416; x_wconf 87' lang='lat' dir='ltr'>innocentem</span> <span class='ocrx_word' id='word_1_207' title='bbox 447 2357 578 2430; x_wconf 91' lang='lat' dir='ltr'>quisque</span> <span class='ocrx_word' id='word_1_208' title='bbox 606 2373 641 2416; x_wconf 91' lang='lat' dir='ltr'>se</span> <span class='ocrx_word' id='word_1_209' title='bbox 662 2355 734 2417; x_wconf 91' lang='lat' dir='ltr'>dicit</span> <span class='ocrx_word' id='word_1_210' title='bbox 753 2357 924 2432; x_wconf 88' lang='lat' dir='ltr'>respiciens</span> <span class='ocrx_word' id='word_1_211' title='bbox 945 2365 1070 2433; x_wconf 87' lang='lat' dir='ltr'>testem,</span> <span class='ocrx_word' id='word_1_212' title='bbox 1099 2375 1165 2419; x_wconf 89' lang='lat' dir='ltr'>non</span> 
     </span>
     <span class='ocr_line' id='line_1_26' title="bbox 183 2439 1167 2516; baseline 0.003 -18"><span class='ocrx_word' id='word_1_213' title='bbox 183 2439 408 2498; x_wconf 87' lang='lat' dir='ltr'>conscientiam.</span> <span class='ocrx_word' id='word_1_214' title='bbox 448 2439 565 2512; x_wconf 81' lang='lat' dir='ltr'>Quanto</span> <span class='ocrx_word' id='word_1_215' title='bbox 587 2441 748 2501; x_wconf 89' lang='lat' dir='ltr'>humanius</span> <span class='ocrx_word' id='word_1_216' title='bbox 768 2442 869 2501; x_wconf 89' lang='lat' dir='ltr'>mitem</span> <span class='ocrx_word' id='word_1_217' title='bbox 898 2451 927 2501; x_wconf 91' lang='lat' dir='ltr'>et</span> <span class='ocrx_word' id='word_1_218' title='bbox 949 2443 1078 2516; x_wconf 89' lang='lat' dir='ltr'>patrium</span> <span class='ocrx_word' id='word_1_219' title='bbox 1099 2443 1167 2501; x_wconf 92' lang='lat' dir='ltr'>ani-</span> 
     </span>
     <span class='ocr_line' id='line_1_27' title="bbox 181 2525 1166 2600; baseline 0.003 -18"><span class='ocrx_word' id='word_1_220' title='bbox 181 2540 264 2583; x_wconf 87' lang='lat' dir='ltr'>mum</span> <span class='ocrx_word' id='word_1_221' title='bbox 278 2529 435 2598; x_wconf 89' lang='lat' dir='ltr'>praestare</span> <span class='ocrx_word' id='word_1_222' title='bbox 451 2525 649 2599; x_wconf 85' lang='lat' dir='ltr'>peccantibus</span> <span class='ocrx_word' id='word_1_223' title='bbox 667 2525 779 2585; x_wconf 85' lang='lat' dir='ltr'>atilios</span> <span class='ocrx_word' id='word_1_224' title='bbox 794 2541 855 2586; x_wconf 91' lang='lat' dir='ltr'>non</span> <span class='ocrx_word' id='word_1_225' title='bbox 870 2526 1025 2600; x_wconf 89' lang='lat' dir='ltr'>persequi,</span> <span class='ocrx_word' id='word_1_226' title='bbox 1043 2526 1100 2586; x_wconf 91' lang='lat' dir='ltr'>sed</span> <span class='ocrx_word' id='word_1_227' title='bbox 1114 2541 1166 2585; x_wconf 90' lang='lat' dir='ltr'>re-</span> 
     </span>
     <span class='ocr_line' id='line_1_28' title="bbox 181 2606 1168 2682; baseline 0.006 -18"><span class='ocrx_word' id='word_1_228' title='bbox 181 2613 308 2668; x_wconf 86' lang='lat' dir='ltr'>vocaret</span> <span class='ocrx_word' id='word_1_229' title='bbox 336 2606 495 2667; x_wconf 88' lang='lat' dir='ltr'>Errantem</span> <span class='ocrx_word' id='word_1_230' title='bbox 515 2624 571 2682; x_wconf 88' lang='lat' dir='ltr'>per</span> <span class='ocrx_word' id='word_1_231' title='bbox 591 2624 682 2682; x_wconf 90' lang='lat' dir='ltr'>agros</span> <span class='ocrx_word' id='word_1_232' title='bbox 702 2607 875 2682; x_wconf 89' lang='lat' dir='ltr'>ignorantia</span> <span class='ocrx_word' id='word_1_233' title='bbox 895 2610 963 2668; x_wconf 88' lang='lat' dir='ltr'>viae</span> <span class='ocrx_word' id='word_1_234' title='bbox 986 2609 1093 2668; x_wconf 91' lang='lat' dir='ltr'>melius</span> <span class='ocrx_word' id='word_1_235' title='bbox 1115 2618 1168 2671; x_wconf 89' lang='lat' dir='ltr'>est</span> 
     </span>
     <span class='ocr_line' id='line_1_29' title="bbox 182 2691 886 2789; baseline 0 -39"><span class='ocrx_word' id='word_1_236' title='bbox 182 2691 220 2750; x_wconf 92' lang='lat' dir='ltr'>ad</span> <span class='ocrx_word' id='word_1_237' title='bbox 233 2697 350 2750; x_wconf 86' lang='lat' dir='ltr'>rectum</span> <span class='ocrx_word' id='word_1_238' title='bbox 365 2691 421 2749; x_wconf 88' lang='lat' dir='ltr'>iter</span> <span class='ocrx_word' id='word_1_239' title='bbox 435 2692 599 2752; x_wconf 90' lang='lat' dir='ltr'>admovere</span> <span class='ocrx_word' id='word_1_240' title='bbox 615 2709 705 2766; x_wconf 92' lang='lat' dir='ltr'>quam</span> <span class='ocrx_word' id='word_1_241' title='bbox 721 2694 886 2789; x_wconf 83' lang='lat' dir='ltr'>expellere.</span> 
     </span>
    </p>

    <p class='ocr_par' dir='ltr' id='par_1_11' title="bbox 156 2773 1167 3270">
     <span class='ocr_line' id='line_1_30' title="bbox 156 2773 1167 2852; baseline 0.007 -23"><span class='ocrx_word' id='word_1_242' title='bbox 156 2780 168 2829; x_wconf 90' lang='lat' dir='ltr'>t</span> <span class='ocrx_word' id='word_1_243' title='bbox 241 2774 307 2834; x_wconf 93' lang='lat' dir='ltr'>XV.</span> <span class='ocrx_word' id='word_1_244' title='bbox 320 2773 523 2850; x_wconf 84' lang='lat' dir='ltr'>Corrigendus</span> <span class='ocrx_word' id='word_1_245' title='bbox 539 2785 586 2837; x_wconf 90' lang='lat' dir='ltr'>est</span> <span class='ocrx_word' id='word_1_246' title='bbox 597 2775 709 2850; x_wconf 77' lang='lat' dir='ltr'>itaque</span> <span class='ocrx_word' id='word_1_247' title='bbox 723 2775 775 2852; x_wconf 92' lang='lat' dir='ltr'>qui</span> <span class='ocrx_word' id='word_1_248' title='bbox 787 2783 903 2851; x_wconf 88' lang='lat' dir='ltr'>peccat,</span> <span class='ocrx_word' id='word_1_249' title='bbox 916 2783 945 2836; x_wconf 91' lang='lat' dir='ltr'>et</span> <span class='ocrx_word' id='word_1_250' title='bbox 956 2775 1167 2838; x_wconf 79' lang='lat' dir='ltr'>admonitione</span> 
     </span>
     <span class='ocr_line' id='line_1_31' title="bbox 182 2856 1165 2952; baseline 0.005 -36"><span class='ocrx_word' id='word_1_251' title='bbox 182 2866 211 2916; x_wconf 92' lang='lat' dir='ltr'>et</span> <span class='ocrx_word' id='word_1_252' title='bbox 227 2856 270 2930; x_wconf 91' lang='lat' dir='ltr'>vi,</span> <span class='ocrx_word' id='word_1_253' title='bbox 287 2864 317 2916; x_wconf 89' lang='lat' dir='ltr'>et</span> <span class='ocrx_word' id='word_1_254' title='bbox 331 2858 461 2917; x_wconf 89' lang='lat' dir='ltr'>molliter</span> <span class='ocrx_word' id='word_1_255' title='bbox 478 2867 508 2918; x_wconf 89' lang='lat' dir='ltr'>et</span> <span class='ocrx_word' id='word_1_256' title='bbox 521 2875 640 2933; x_wconf 90' lang='lat' dir='ltr'>aspere,</span> <span class='ocrx_word' id='word_1_257' title='bbox 657 2861 823 2952; x_wconf 92' lang='lat' dir='ltr'>meliorque</span> <span class='ocrx_word' id='word_1_258' title='bbox 838 2867 898 2920; x_wconf 90' lang='lat' dir='ltr'>tarn</span> <span class='ocrx_word' id='word_1_259' title='bbox 914 2860 972 2921; x_wconf 93' lang='lat' dir='ltr'>sibi</span> <span class='ocrx_word' id='word_1_260' title='bbox 988 2876 1079 2935; x_wconf 88' lang='lat' dir='ltr'>quam</span> <span class='ocrx_word' id='word_1_261' title='bbox 1094 2859 1165 2921; x_wconf 88' lang='lat' dir='ltr'>aliis</span> 
     </span>
     <span class='ocr_line' id='line_1_32' title="bbox 182 2932 1166 3018; baseline 0.006 -20"><span class='ocrx_word' id='word_1_262' title='bbox 182 2939 342 3000; x_wconf 81' lang='lat' dir='ltr'>faciendus</span> <span class='ocrx_word' id='word_1_263' title='bbox 363 2956 424 3000; x_wconf 93' lang='lat' dir='ltr'>non</span> <span class='ocrx_word' id='word_1_264' title='bbox 445 2942 511 3000; x_wconf 89' lang='lat' dir='ltr'>sine</span> <span class='ocrx_word' id='word_1_265' title='bbox 527 2941 740 3018; x_wconf 86' lang='lat' dir='ltr'>castigatione,</span> <span class='ocrx_word' id='word_1_266' title='bbox 762 2932 817 3003; x_wconf 91' lang='lat' dir='ltr'>sed</span> <span class='ocrx_word' id='word_1_267' title='bbox 833 2943 899 3002; x_wconf 91' lang='lat' dir='ltr'>sine</span> <span class='ocrx_word' id='word_1_268' title='bbox 914 2945 967 3003; x_wconf 92' lang='lat' dir='ltr'>ira.</span> <span class='ocrx_word' id='word_1_269' title='bbox 997 2945 1066 3018; x_wconf 92' lang='lat' dir='ltr'>quis</span> <span class='ocrx_word' id='word_1_270' title='bbox 1081 2945 1166 3004; x_wconf 88' lang='lat' dir='ltr'>enim</span> 
     </span>
     <span class='ocr_line' id='line_1_33' title="bbox 182 3023 1166 3102; baseline 0.005 -20"><span class='ocrx_word' id='word_1_271' title='bbox 182 3025 230 3082; x_wconf 89' lang='lat' dir='ltr'>oui</span> <span class='ocrx_word' id='word_1_272' title='bbox 245 3023 383 3082; x_wconf 89' lang='lat' dir='ltr'>medetur</span> <span class='ocrx_word' id='word_1_273' title='bbox 396 3024 602 3085; x_wconf 82' lang='lat' dir='ltr'>rrasorturt</span> <span class='ocrx_word' id='word_1_274' title='bbox 571 3033 602 3085; x_wconf 94' lang='lat' dir='ltr'>a</span> <span class='ocrx_word' id='word_1_275' title='bbox 616 3027 725 3100; x_wconf 90' lang='lat' dir='ltr'>corrigi</span> <span class='ocrx_word' id='word_1_276' title='bbox 740 3033 895 3101; x_wconf 91' lang='lat' dir='ltr'>nequeunt</span> <span class='ocrx_word' id='word_1_277' title='bbox 910 3027 1064 3102; x_wconf 90' lang='lat' dir='ltr'>nihilque&#39;</span> <span class='ocrx_word' id='word_1_278' title='bbox 1057 3044 1086 3084; x_wconf 86' lang='lat' dir='ltr'>rn</span> <span class='ocrx_word' id='word_1_279' title='bbox 1103 3027 1166 3087; x_wconf 90' lang='lat' dir='ltr'>illis</span> 
     </span>
     <span class='ocr_line' id='line_1_34' title="bbox 181 3107 1167 3184; baseline 0.006 -21"><span class='ocrx_word' id='word_1_280' title='bbox 181 3107 249 3164; x_wconf 91' lang='lat' dir='ltr'>lene</span> <span class='ocrx_word' id='word_1_281' title='bbox 270 3115 322 3166; x_wconf 91' lang='lat' dir='ltr'>aut</span> <span class='ocrx_word' id='word_1_282' title='bbox 339 3107 407 3181; x_wconf 90' lang='lat' dir='ltr'>spei</span> <span class='ocrx_word' id='word_1_283' title='bbox 428 3107 529 3168; x_wconf 89' lang='lat' dir='ltr'>bonae</span> <span class='ocrx_word' id='word_1_284' title='bbox 549 3124 648 3184; x_wconf 88' lang='lat' dir='ltr'>capax</span> <span class='ocrx_word' id='word_1_285' title='bbox 669 3117 731 3171; x_wconf 83' lang='lat' dir='ltr'>est:</span> <span class='ocrx_word' id='word_1_286' title='bbox 754 3112 897 3170; x_wconf 89' lang='lat' dir='ltr'>tollantur</span> <span class='ocrx_word' id='word_1_287' title='bbox 912 3126 929 3169; x_wconf 86' lang='lat' dir='ltr'>e</span> <span class='ocrx_word' id='word_1_288' title='bbox 945 3117 1036 3172; x_wconf 89' lang='lat' dir='ltr'>coetu</span> <span class='ocrx_word' id='word_1_289' title='bbox 1050 3119 1167 3170; x_wconf 91' lang='lat' dir='ltr'>morta-</span> 
     </span>
     <span class='ocr_line' id='line_1_35' title="bbox 181 3189 1166 3270; baseline 0.007 -24"><span class='ocrx_word' id='word_1_290' title='bbox 181 3189 252 3248; x_wconf 90' lang='lat' dir='ltr'>lium</span> <span class='ocrx_word' id='word_1_291' title='bbox 268 3191 375 3249; x_wconf 88' lang='lat' dir='ltr'>lacturi</span> <span class='ocrx_word' id='word_1_292' title='bbox 390 3190 497 3265; x_wconf 88' lang='lat' dir='ltr'>peiora</span> <span class='ocrx_word' id='word_1_293' title='bbox 512 3207 592 3266; x_wconf 88' lang='lat' dir='ltr'>quae</span> <span class='ocrx_word' id='word_1_294' title='bbox 607 3194 784 3269; x_wconf 89' lang='lat' dir='ltr'>contingunt</span> <span class='ocrx_word' id='word_1_295' title='bbox 795 3203 825 3254; x_wconf 88' lang='lat' dir='ltr'>et</span> <span class='ocrx_word' id='word_1_296' title='bbox 836 3210 897 3270; x_wconf 89' lang='lat' dir='ltr'>quo</span> <span class='ocrx_word' id='word_1_297' title='bbox 908 3210 970 3254; x_wconf 90' lang='lat' dir='ltr'>uno</span> <span class='ocrx_word' id='word_1_298' title='bbox 982 3194 1074 3255; x_wconf 88' lang='lat' dir='ltr'>modo</span> <span class='ocrx_word' id='word_1_299' title='bbox 1088 3209 1166 3268; x_wconf 89' lang='lat' dir='ltr'>pos-</span> 
     </span>
    </p>

    <p class='ocr_par' dir='ltr' id='par_1_12' title="bbox 153 3272 1168 3519">
     <span class='ocr_line' id='line_1_36' title="bbox 153 3272 1167 3352; baseline 0.007 -20"><span class='ocrx_word' id='word_1_300' title='bbox 153 3273 268 3344; x_wconf 76' lang='lat' dir='ltr'>2sunt,</span> <span class='ocrx_word' id='word_1_301' title='bbox 291 3272 432 3334; x_wconf 90' lang='lat' dir='ltr'>desinant</span> <span class='ocrx_word' id='word_1_302' title='bbox 453 3277 524 3336; x_wconf 90' lang='lat' dir='ltr'>mali</span> <span class='ocrx_word' id='word_1_303' title='bbox 539 3292 625 3351; x_wconf 85' lang='lat' dir='ltr'>esse,</span> <span class='ocrx_word' id='word_1_304' title='bbox 648 3278 705 3338; x_wconf 91' lang='lat' dir='ltr'>sed</span> <span class='ocrx_word' id='word_1_305' title='bbox 719 3277 778 3339; x_wconf 94' lang='lat' dir='ltr'>hoc</span> <span class='ocrx_word' id='word_1_306' title='bbox 793 3279 860 3338; x_wconf 89' lang='lat' dir='ltr'>sine</span> <span class='ocrx_word' id='word_1_307' title='bbox 876 3277 958 3339; x_wconf 91' lang='lat' dir='ltr'>odio.</span> <span class='ocrx_word' id='word_1_308' title='bbox 988 3277 1065 3352; x_wconf 79' lang='lat' dir='ltr'>Quid</span> <span class='ocrx_word' id='word_1_309' title='bbox 1081 3278 1167 3339; x_wconf 88' lang='lat' dir='ltr'>enim</span> 
     </span>
     <span class='ocr_line' id='line_1_37' title="bbox 180 3358 1166 3438; baseline 0.008 -24"><span class='ocrx_word' id='word_1_310' title='bbox 180 3363 241 3430; x_wconf 91' lang='lat' dir='ltr'>est,</span> <span class='ocrx_word' id='word_1_311' title='bbox 264 3373 317 3416; x_wconf 90' lang='lat' dir='ltr'>our</span> <span class='ocrx_word' id='word_1_312' title='bbox 331 3358 447 3418; x_wconf 89' lang='lat' dir='ltr'>oderim</span> <span class='ocrx_word' id='word_1_313' title='bbox 464 3376 547 3434; x_wconf 85' lang='lat' dir='ltr'>eum,</span> <span class='ocrx_word' id='word_1_314' title='bbox 569 3361 618 3420; x_wconf 90' lang='lat' dir='ltr'>eui</span> <span class='ocrx_word' id='word_1_315' title='bbox 639 3369 701 3422; x_wconf 91' lang='lat' dir='ltr'>tum</span> <span class='ocrx_word' id='word_1_316' title='bbox 726 3362 856 3422; x_wconf 88' lang='lat' dir='ltr'>maxime</span> <span class='ocrx_word' id='word_1_317' title='bbox 872 3378 1013 3438; x_wconf 91' lang='lat' dir='ltr'>prosum,</span> <span class='ocrx_word' id='word_1_318' title='bbox 1036 3378 1105 3423; x_wconf 88' lang='lat' dir='ltr'>eum</span> <span class='ocrx_word' id='word_1_319' title='bbox 1126 3363 1166 3422; x_wconf 90' lang='lat' dir='ltr'>ll-</span> 
     </span>
     <span class='ocr_line' id='line_1_38' title="bbox 179 3441 1168 3519; baseline 0.01 -21"><span class='ocrx_word' id='word_1_320' title='bbox 179 3441 240 3499; x_wconf 92' lang='lat' dir='ltr'>lum</span> <span class='ocrx_word' id='word_1_321' title='bbox 262 3441 320 3500; x_wconf 93' lang='lat' dir='ltr'>sibi</span> <span class='ocrx_word' id='word_1_322' title='bbox 341 3442 459 3517; x_wconf 72' lang='lat' dir='ltr'>eripio?</span> <span class='ocrx_word' id='word_1_323' title='bbox 478 3445 555 3504; x_wconf 91' lang='lat' dir='ltr'>Num</span> <span class='ocrx_word' id='word_1_324' title='bbox 578 3444 647 3519; x_wconf 92' lang='lat' dir='ltr'>quis</span> <span class='ocrx_word' id='word_1_325' title='bbox 668 3445 805 3505; x_wconf 88' lang='lat' dir='ltr'>membra</span> <span class='ocrx_word' id='word_1_326' title='bbox 826 3463 884 3506; x_wconf 88' lang='lat' dir='ltr'>sua</span> <span class='ocrx_word' id='word_1_327' title='bbox 904 3453 976 3506; x_wconf 92' lang='lat' dir='ltr'>tunc</span> <span class='ocrx_word' id='word_1_328' title='bbox 992 3447 1070 3519; x_wconf 90' lang='lat' dir='ltr'>odit,</span> <span class='ocrx_word' id='word_1_329' title='bbox 1092 3461 1168 3508; x_wconf 85' lang='lat' dir='ltr'>curn</span> 
     </span>
    </p>

    <p class='ocr_par' dir='ltr' id='par_1_13' title="bbox 115 3524 1168 3599">
     <span class='ocr_line' id='line_1_39' title="bbox 115 3524 1168 3599; baseline 0.008 -18"><span class='ocrx_word' id='word_1_330' title='bbox 115 3594 116 3597; x_wconf 8' lang='grc' dir='ltr'><strong>Ἴ</strong></span> <span class='ocrx_word' id='word_1_331' title='bbox 178 3524 329 3586; x_wconf 75' lang='lat' dir='ltr'>abscidit?</span> <span class='ocrx_word' id='word_1_332' title='bbox 345 3543 404 3587; x_wconf 94' lang='lat' dir='ltr'>non</span> <span class='ocrx_word' id='word_1_333' title='bbox 419 3535 467 3587; x_wconf 91' lang='lat' dir='ltr'>est</span> <span class='ocrx_word' id='word_1_334' title='bbox 479 3529 530 3588; x_wconf 87' lang='lat' dir='ltr'>illa</span> <span class='ocrx_word' id='word_1_335' title='bbox 544 3529 604 3599; x_wconf 89' lang='lat' dir='ltr'>ira,</span> <span class='ocrx_word' id='word_1_336' title='bbox 621 3529 677 3588; x_wconf 87' lang='lat' dir='ltr'>sed</span> <span class='ocrx_word' id='word_1_337' title='bbox 692 3529 805 3589; x_wconf 89' lang='lat' dir='ltr'>misera</span> <span class='ocrx_word' id='word_1_338' title='bbox 816 3529 944 3591; x_wconf 90' lang='lat' dir='ltr'>curatio.</span> <span class='ocrx_word' id='word_1_339' title='bbox 965 3530 1103 3590; x_wconf 89' lang='lat' dir='ltr'>Rabidos</span> <span class='ocrx_word' id='word_1_340' title='bbox 1119 3532 1168 3590; x_wconf 90' lang='lat' dir='ltr'>el-</span> 
     </span>
    </p>
   </div>
   <div class='ocr_carea' id='block_1_5' title="bbox 0 0 1266 3906">
    <p class='ocr_par' dir='ltr' id='par_1_14' title="bbox 0 0 1266 3906">
     <span class='ocr_line' id='line_1_40' title="bbox 0 0 1266 3906; baseline 0 1"><span class='ocrx_word' id='word_1_341' title='bbox 0 0 1266 3906; x_wconf 95' lang='lat' dir='ltr'> </span> 
     </span>
    </p>
   </div>
  </div>
 </body>
</html>
