2528 3906
273 227 375 285 nlAL.
391 226 428 284 V.
451 225 502 286 DE
525 223 601 286 liat
614 227 687 286 LIB.
705 227 756 286 lll.
771 236 857 292 7—9.
1012 229 1053 294 87

74 379 220 440 haerebat
239 378 388 452 effugere.
419 379 565 454 optimum
588 378 732 441 iudicavit
751 381 896 458 quicquid
922 383 1052 447 dixisset

75 463 162 539 sequi
182 469 214 522 et
234 463 388 522 secundas
403 477 508 536 agere:
533 477 593 521 non
613 462 679 522 tulit
695 462 815 524 Coelius
831 466 1052 528 adsentientem

75 556 102 606 et
116 546 314 609 exclamavit:
341 546 391 606 dic
411 547 651 620 nicoteranae,
665 549 770 608 arduo
790 551 890 609 simas.
919 549 981 612 Sed
1002 553 1051 612 ille

75 645 207 706 quoque,
230 629 315 704 quod
330 645 390 690 non
405 629 597 701 irasceretur,
619 629 715 690 iratus
736 629 795 691 cito
818 632 885 692 sine
905 634 1049 696 adversa-

73 713 116 776 rio
132 713 233 773 desiit.
260 711 414 786 Eligamus
426 727 499 787 ergo
515 713 564 771 vel
578 711 638 772 hos
652 713 765 788 potius,
781 714 808 774 si
824 717 941 776 conscii
958 719 1079 784 nobist

75 796 251 856 iracundiae
266 811 382 869 sumus,
405 796 457 870 qui
473 797 587 856 voltunr
601 803 738 859 nostrum
755 815 791 858 ae
813 811 987 862 sermonem
1001 818 1050 861 sc·

76 887 219 955 quantur..
244 879 356 951 facient
374 879 497 954 quidem
518 895 576 939 nos
592 879 740 942 delicatos
756 889 786 941 et
800 882 830 942 in
846 884 955 944 malam
977 901 1049 946 con·

74 965 268 1025 suetudinem
292 962 438 1023 inducent
457 963 531 1022 nihil
554 970 660 1024 contra
685 965 870 1027 voluntatem
897 968 1049 1041 audiendi,

75 1048 128 1108 sed
143 1046 282 1123 proderit
296 1046 369 1107 vitio
385 1063 443 1107 suo
463 1047 654 1108 intervallum
669 1055 698 1107 et
714 1047 845 1124 quietem
861 1051 944 1110 darc.
965 1052 1048 1112 Dilli-

74 1132 137 1192 cilis
157 1146 283 1206 quoque
298 1138 327 1191 et
347 1129 484 1191 indomiti
505 1137 613 1192 natura
632 1131 837 1194 blandientem
858 1133 949 1194 ieret:
976 1135 1049 1195 nihil

74 1231 219 1290 asperum
242 1211 440 1290 territumque
463 1217 598 1290 palpanti
620 1222 676 1276 est.
716 1215 862 1290 Quotiens
883 1217 1048 1294 disputatio
1063 1212 1087 1281 θ’

75 1300 192 1374 longior
206 1306 237 1359 et
251 1299 420 1374 pugnacior
435 1298 499 1373 erit,
515 1300 545 1358 in
561 1297 660 1373 prima
674 1300 862 1373 resistamus,
886 1309 1050 1378 antequam

73 1382 1049 1458 mmmmmmmmmmammmm

75 1457 1081 1544 mmfflmmmaeawmmmmmmmfflv

49 1565 151 1612 ,mm

134 1635 185 1694 lX.
210 1632 316 1693 Studia
332 1649 456 1708 quoque
474 1634 615 1708 graviora
629 1635 784 1696 iracundis
800 1637 964 1696 omittenda
980 1645 1079 1700 suntt

73 1726 122 1777 aut
136 1727 229 1782 certe
242 1717 316 1776 citra
330 1717 542 1778 lassitudinem
557 1719 730 1779 exercenda
745 1727 776 1780 et
789 1721 907 1780 animus
923 1737 984 1782 non
1002 1721 1048 1780 in·

74 1809 117 1860 ter
134 1802 225 1876 plura
240 1801 429 1874 versandus,
445 1801 499 1860 sed
515 1802 632 1862 artibus
648 1803 785 1864 amoenis
802 1804 985 1864 tradendus:
1006 1807 1047 1864 le-

73 1885 130 1946 ctio
145 1885 231 1944 illum
248 1885 414 1944 earminmn
430 1883 562 1945 obleniat
583 1891 612 1944 et
629 1885 757 1946 historia
772 1887 883 1946 fabulis
905 1887 1048 1948 detineat.

72 1969 191 2029 mollius
208 1967 430 2043 delicatiusque
449 1973 601 2028 tractetur.
632 1968 824 2047 Pythagoras
846 1970 1077 2046 perturbatio-a

72 2068 125 2112 nes
141 2052 234 2112 animi
249 2052 317 2130 lyra
333 2051 537 2128 conponebat.
571 2053 640 2128 quis
656 2061 756 2114 antem
770 2054 891 2128 ignorat
905 2054 996 2114 lituos
1019 2061 1050 2114 et

72 2136 161 2196 tubas
177 2137 400 2196 concitamenta
419 2151 507 2207 csse,
530 2137 609 2196 sicut
630 2137 782 2211 quosdam
803 2144 910 2198 cantus
931 2137 1047 2198 blandi·

16 2245 17 2256 2
72 2220 1046 2297 mmmfflmmmmmmmmmffimffiwmm

16 2309 17 2312 ’
72 2303 1047 2381 mmmmmmwmmmmffimmmmwwwwt

74 2386 276 2462 quorumdam
293 2387 460 2463 splendore
480 2387 727 2463 praestringitur:
749 2389 794 2448 sie
807 2396 924 2450 mentes
939 2405 1047 2464 aegras

74 2471 173 2532 studia
184 2473 265 2531 laeta
279 2472 477 2546 permulcent.
498 2471 620 2546 Forum,
636 2471 865 2545 advocationes,
877 2472 988 2533 iudicia
1003 2473 1077 2536 tub

73 2571 143 2630 gere
160 2554 311 2616 debemus
326 2561 356 2618 et
372 2555 489 2627 omnia,
513 2571 592 2629 quae
612 2555 789 2616 exulcerant
809 2553 927 2628 vitiam,
951 2569 1048 2628 aeque
1084 2589 1088 2598 ,

73 2654 182 2699 cavere
204 2639 263 2716 [ac]
277 2636 489 2699 lassitudinem
511 2639 668 2713 corporis:
690 2637 841 2700 consumit
860 2637 938 2696 enim
964 2636 1034 2710 quic

74 2723 143 2796 quid
160 2723 191 2782 in
206 2721 296 2782 nobis
308 2721 380 2781 mite
393 2721 609 2796 placidumque
621 2728 669 2780 est
680 2728 710 2780 et
720 2721 802 2790 acria
814 2721 952 2781 concitat.
975 2721 1078 2787 lde04

74 2807 184 2880 quibus
200 2805 378 2866 stomachus
394 2812 557 2880 suspectus
573 2813 628 2878 est,
644 2804 822 2880 processuri
837 2805 941 2864 adres
956 2803 1048 2880 agen-

73 2887 1049 2964 mmMmfflmmfflmmwmmmm

74 2983 173 3036 movet
184 2973 330 3048 fatigatio,
339 2972 405 3033 sive
419 2973 490 3048 quia
503 2975 634 3034 calorem
647 2972 675 3030 in
690 2972 791 3033 media
801 2973 946 3047 conpellit
957 2980 987 3033 et
998 2989 1050 3033 no-

73 3065 118 3118 cet
129 3057 274 3131 sanguini
287 3071 473 3132 cursumque
484 3057 551 3117 eius
562 3057 648 3116 venis
660 3056 868 3118 laborantibus
880 3057 970 3130 sistit,
984 3057 1049 3117 sire

75 3143 143 3214 quia
154 3156 271 3215 corpus
280 3141 475 3201 adtenuatum
485 3147 515 3200 et
525 3140 674 3200 infirmum
683 3139 828 3200 incumbit
839 3138 951 3200 animo.
969 3149 1049 3201 certe

74 3225 110 3284 ob
126 3225 267 3285 eamdem
284 3240 409 3284 causam
430 3224 641 3284 iracundiores
663 3231 735 3284 sunt
750 3223 914 3284 valitudine
933 3229 985 3284 aut
999 3239 1048 3284 ae-

74 3306 1050 3384 mfflfflfflmwwmfflmmmwfflmm

74 3399 134 3451 est:
156 3400 323 3468 exasperat
345 3397 375 3452 et
390 3391 524 3452 incendit
543 3391 673 3451 animos.
694 3392 792 3451 Vetus
810 3389 923 3450 dictum
944 3395 992 3448 est
1014 3399 1077 3459 „aa

74 3474 156 3536 lasso
172 3477 271 3538 rixam
285 3475 421 3551 qnaeri.“
443 3490 545 3551 aeque
555 3482 654 3536 autern
670 3483 699 3534 et
714 3474 752 3534 ab
768 3475 919 3534 esuriente
935 3479 993 3529 eta
1008 3470 1047 3526 si·
1090 3526 1094 3543 f
1110 3515 1119 3530 .
