2554 3888
197 248 260 312 202
398 247 432 306 L.
450 243 597 305 ANNAEI
618 243 792 304 SENECAE
814 243 915 302 erni.
928 243 964 302 X.

168 406 317 464 aconstct
337 399 375 458 ab
396 395 447 458 illo
463 403 560 472 rapta.
600 397 666 471 Quo
680 411 742 456 non
758 405 930 472 erumperet
942 405 1003 458 tam
1017 399 1167 458 inmatura

197 483 342 546 ambitio?
362 482 458 542 scires
473 483 503 540 in
518 482 630 540 malum
644 481 752 554 ingens
767 487 798 540 et
812 482 961 554 privatum
972 487 1002 542 et
1013 481 1167 557 publicum
1260 511 1261 530 2

197 583 357 629 evasuram
375 580 579 641 praecoquem
596 564 763 623 audaciam.
786 579 857 624 sero
872 565 975 640 itaque
988 565 1169 640 querebatur

197 653 297 712 nullas
319 650 377 710 sibi
397 649 489 708 lenias
511 646 677 722 contigisse
698 663 717 706 a
737 661 833 723 puero
859 649 1026 709 seditiosus
1046 655 1078 708 et
1102 651 1167 710 loro

131 796 132 800 ,
174 737 310 811 gravis.
346 734 539 806 Disputatur,
562 747 600 790 an
615 732 684 806 ipse
699 729 880 791 sibimenus
894 732 1045 792 adtulerit.
1068 733 1166 792 subito

198 819 281 897 enim
299 819 426 876 volnere
446 829 502 889 per
521 815 633 889 inguen
654 822 782 890 accepto
802 816 969 890 conlapsus
982 823 1045 890 est,
1066 817 1168 890 eliquo

199 902 369 972 dubitante,
391 913 430 957 an
444 913 527 958 mors
543 899 608 958 eius
623 899 903 972 voluntariaessct,
925 899 1024 972 nullo,
1045 907 1166 959 antem·
1260 949 1261 954 ,

170 989 187 1042 3
199 983 327 1059 pestiva.
370 981 603 1056 Supervacuum
629 987 677 1040 est
702 995 940 1042 commemorare
965 984 1089 1057 plures,
1118 983 1168 1057 qui

198 1084 266 1128 cum
282 1067 348 1126 aliis
364 1065 531 1125 felicissimi
541 1064 731 1137 viderentur,
746 1065 805 1138 ipsi
819 1063 849 1123 in
863 1080 1017 1126 severum
1034 1067 1168 1126 testimo-

198 1150 280 1210 nium
302 1149 458 1220 dixerunt,
480 1149 584 1223 perosi
607 1163 727 1206 omnem
748 1154 847 1208 actum
868 1163 1015 1208 annorum
1033 1163 1168 1209 suorum.

199 1235 254 1294 sed
269 1233 317 1292 his
333 1233 465 1307 querelis
481 1247 538 1290 nec
553 1232 629 1292 alios
644 1238 837 1291 mutaverunt
850 1247 908 1292 nec
925 1245 960 1292 se
974 1233 1072 1306 ipsos.
1100 1247 1170 1292 nam

200 1333 267 1377 cum
290 1317 382 1376 verba
404 1323 585 1390 eruperunt,
612 1314 752 1375 adlectus
770 1315 810 1374 ad
824 1316 1076 1378 consuetudinem
1092 1318 1170 1375 rela-
1260 1393 1261 1396 Ἴ

170 1403 318 1467 chuntur.
354 1401 467 1459 Vestra
480 1399 668 1458 mehercules
683 1397 759 1468 vita,
780 1397 852 1458 licet
866 1415 961 1474 supra
974 1400 1055 1460 mille
1071 1415 1172 1460 annos
1260 1431 1261 1434 ¹

200 1491 303 1555 exeat,
330 1484 360 1542 in
382 1483 566 1543 artissimum
588 1482 789 1543 contrahetur.
821 1483 880 1542 ista
894 1485 965 1542 vitia
979 1484 1095 1544 nullum
1108 1500 1172 1544 non

201 1568 336 1627 seculum
357 1567 561 1625 devorabunt:
588 1565 648 1626 hnc
670 1582 742 1626 vcro
759 1565 891 1640 spatium
908 1567 1005 1642 quod,
1029 1569 1171 1643 quamvis

200 1657 309 1710 nature
324 1649 429 1723 currit,
450 1650 527 1709 ratio
543 1649 661 1723 dilatat,
682 1651 740 1711 cito
755 1666 813 1710 vos
830 1649 955 1724 effugiat
968 1667 1099 1712 necesse
1114 1659 1171 1711 cst.

201 1751 262 1794 non
297 1733 377 1792 enim
410 1732 639 1808 adprehenditis
674 1749 731 1794 nec
764 1733 923 1810 [retinetis]
957 1736 1172 1796 velocissimae
1260 1779 1261 1800 t

201 1817 333 1878 omnium
350 1817 394 1875 rei
410 1817 650 1889 moramlacitis,
667 1818 723 1877 sed
734 1817 818 1878 abire
828 1825 935 1880 utrem
945 1834 1171 1893 supervacuam

200 1917 236 1962 ac
250 1900 451 1976 reparabilem
466 1901 573 1960 sinitis.

172 2001 187 2050 1
239 1985 327 2044 ·vl1.
350 1985 399 2042 -ln
426 1985 561 2058 primis
587 1990 711 2043 autem
731 1992 767 2045 et
793 1985 885 2045 illos
907 2001 1080 2058 numero,
1105 1986 1173 2060 qui

128 2127 130 2133 ,
200 2069 295 2128 nulli
317 2068 372 2126 rei
394 2067 469 2126 nisi
490 2066 578 2126 vino
601 2067 978 2128 oclibidinivecant.
1001 2069 1173 2130 nullienim
1260 2119 1261 2132 .

199 2151 318 2224 turpius
334 2149 474 2223 occupati
486 2157 565 2209 sunl.
590 2149 681 2208 celeri
694 2150 812 2211 etiamsi
822 2165 903 2210 vana
913 2153 1029 2225 gloriae
1039 2153 1174 2227 imagine

199 2240 373 2305 teneantur,
390 2231 534 2306 speciose
547 2239 649 2292 tamen
663 2241 773 2294 errant.
796 2234 867 2294 licet
877 2249 988 2299 avaros
1000 2235 1085 2308 mihi,
1101 2238 1175 2296 licet

200 2317 364 2376 iracundos
380 2331 540 2377 enumeres
554 2318 601 2376 vel
616 2317 688 2377 odia
701 2325 881 2378 exercentes
893 2317 1064 2378 iniustevel
1075 2320 1173 2378 bellae
1260 2387 1261 2390 Ἴ

201 2415 308 2460 omnes
323 2401 373 2460 isti
388 2399 657 2476 viriliuspcccant=
679 2401 710 2460 in
720 2403 872 2461 Venerem
883 2416 921 2461 ac
932 2401 1087 2462 libidinem
1099 2419 1174 2477 pro-

173 2485 347 2544 iicctcrum
371 2483 533 2545 inhonesta
556 2485 643 2545 tabes
669 2491 725 2544 est.
743 2485 866 2546 ·0mnia
885 2485 1014 2546 istorum
1032 2493 1175 2560 tempora

202 2576 319 2628 excute.
350 2569 477 2644 adspice
498 2569 644 2644 quamdiu
665 2576 843 2644 conpotem,
866 2568 1011 2644 quamdiu
1026 2569 1174 2628 insidien·
1260 2567 1261 2598 ³

201 2659 263 2725 tur,
280 2651 424 2726 quamdiu
435 2653 566 2726 timeant
583 2651 849 2728 quamdiu-colent,
867 2652 1012 2727 quamdiu
1024 2654 1176 2726 colantur,
1260 2667 1261 2720 ζ

202 2743 347 2808 quantum
361 2736 535 2796 vadimonia
550 2739 607 2796 sua
621 2743 713 2810 atque
727 2737 825 2796 alieno
841 2743 1005 2811 occupent,
1025 2744 1177 2811 quantum
1260 2755 1261 2798 3

202 2817 357 2889 convivia,
381 2834 460 2893 quae
480 2820 539 2878 iam
556 2819 625 2894 ipsa
638 2819 741 2880 cilicia
756 2827 845 2880 sunl=¹
866 2819 1001 2895 videbis,
1025 2819 1176 2895 quemad-

202 2901 325 2959 modum
346 2902 414 2960 illos
429 2901 583 2976 respirare
597 2919 658 2962 non
674 2904 774 2965 sinant
787 2905 836 2963 vel
850 2903 930 2962 mala
944 2919 1002 2964 sua
1016 2906 1064 2964 vel
1079 2904 1175 2964 bona.

172 2983 339 3058 3Denique
358 2983 435 3044 inter
454 2999 561 3044 omnes
582 2987 723 3047 convenit
736 2988 848 3048 nullam
863 3003 927 3046 rem
941 2987 1020 3048 bene
1035 2985 1177 3048 exerceri

201 3081 297 3140 posse
309 3067 348 3125 ab
357 3067 480 3128 hennino
490 3076 649 3142 occupato,
661 3085 723 3131 non
734 3070 948 3145 eloquentiam,
959 3087 1019 3131 non
1029 3072 1192 3131 liberales·
1260 3087 1261 3090 ¹

202 3149 396 3222 disciplinas,
420 3151 543 3224 quando
560 3153 714 3214 districtus
729 3155 847 3214 animus
860 3153 934 3213 nihil
949 3155 1039 3214 altius
1054 3153 1177 3227 recipit,

202 3231 259 3290 sed
280 3233 381 3291 omnia
401 3235 483 3294 velut
502 3235 654 3296 inculcata
669 3237 795 3309 respuit.
830 3237 934 3295 Nihil
961 3237 1086 3296 minus
1113 3241 1180 3295 est

201 3315 368 3374 hominis
396 3318 579 3390 occupati
613 3335 721 3393 quam
754 3318 893 3378 vivere.
932 3320 1080 3379 nullius
1116 3317 1179 3380 rei
1260 3341 1261 3398 }

202 3397 416 3456 difficilior
438 3401 605 3461 scientia
621 3409 689 3462 est.
718 3403 913 3476 professores
925 3403 1051 3462 aliarum
1065 3401 1179 3462 artium

200 3480 292 3554 volgo
313 3480 460 3555 multique
480 3489 559 3542 sunt.
597 3486 745 3558 quasdam
760 3501 834 3545 vero
849 3493 890 3546 ex
902 3485 951 3545 his
967 3487 1053 3562 pueri
1068 3486 1183 3545 admo·

1260 3597 1261 3632 l
