2528 3906
260 211 360 285 nr'nn.
380 227 418 284 v.
446 223 682 286 orianum.
704 227 754 285 111.
776 233 895 289 ro-oa.
1026 227 1069 292 at

85 377 173 436 illurn
187 374 270 450 regis
286 375 447 439 comitatus
461 376 649 436 auferentem
660 390 698 436 eo
709 376 912 451 redacturum,
926 387 960 440 ut
970 387 1068 442 trans-

85 458 124 518 iri
146 459 324 532 calcarique
342 459 432 518 etiam
453 475 471 518 a
491 457 612 520 leminis
633 466 751 533 posset
784 459 851 521 Huc
872 461 984 524 deinde
1005 471 1100 526 orn-3

86 557 158 600 nem
180 542 335 604 transtulit
354 540 425 602 belli
447 541 627 618 adparatum
647 549 677 602 et
697 541 812 604 mmdiu
834 543 957 606 adsedit
972 548 1068 623 operi,

85 627 190 685 donec
212 631 273 684 cet
291 639 373 684 nxxx
394 623 542 695 curriculis
564 624 695 686 divisum
715 627 835 688 alveum
856 627 885 686 in
907 645 958 690 occ
978 637 1009 689 et
1029 646 1068 690 ux

85 710 173 768 rivos
188 707 382 784 dispergeret
395 714 426 768 et
439 707 556 768 siccum
567 706 753 784 relinqueret
765 709 794 769 in
806 713 960 774 diversum
971 712 1067 774 tluen-

85 793 170 852 tibus
191 792 293 868 aquis.
322 789 415 850 Periit
434 791 538 866 itaque
558 798 589 852 et
606 797 743 868 tempus,
766 795 928 870 magnoin
949 797 1098 872 magnisc

86 877 183 935 rebus
197 877 322 946 iactura,
338 882 368 935 et
380 875 506 936 militum
521 870 622 949 ardor,
636 891 725 950 quem
740 877 854 938 inutilis
868 879 956 942 labor
971 880 1068 954 fregit,

85 966 117 1018 et
138 959 265 1020 occasio
286 958 485 1033 adgrediendi
506 957 679 1033 inparatos,
701 960 772 1022 dum
794 962 845 1022 ille
859 963 970 1024 bellum
991 963 1066 1024 indi·

86 1049 170 1102 ctum
184 1042 267 1102 hosti
282 1057 350 1102 cnm
365 1040 489 1102 flumine
503 1041 590 1116 gerit.
615 1042 673 1102 Hic
689 1043 786 1117 furor,
803 1047 876 1122 quid
892 1047 972 1106 enim
986 1047 1096 1112 aliud5

86 1132 207 1186 voeest
226 1125 383 1186 Romanoa
400 1141 525 1202 quoque
540 1125 676 1200 contigit.
701 1126 732 1186 C.
743 1127 823 1188 enim
839 1129 951 1190 Caesar
966 1128 1066 1190 villam

85 1210 116 1268 in
129 1208 353 1270 Herculanensi
369 1207 612 1283 pulcherrimam,
629 1209 701 1284 quia
716 1219 811 1272 mater
827 1229 885 1272 sua
899 1212 1066 1288 aliquando

84 1293 185 1352 inille
202 1291 449 1366 custoditaerat,
470 1291 564 1352 diruit
585 1294 718 1368 lecitque
738 1295 804 1356 eius
824 1311 882 1370 per
901 1295 961 1356 hoc
982 1305 1068 1358 nota-

84 1377 179 1435 bilem
201 1375 364 1436 iortunam.
396 1381 524 1436 stantem
548 1376 630 1438 enirn
651 1379 960 1454 praenavigabamus,
986 1396 1068 1440 nunc

86 1475 185 1520 cansa
200 1459 320 1520 dirutae
335 1459 500 1534 quaeritur.

102 1600 104 1604 .
149 1543 243 1602 XXII.
261 1543 300 1604 Et
310 1543 386 1602 haec
402 1542 565 1618 cogitanda
582 1551 654 1604 sunt
667 1547 822 1622 exempla,
840 1562 920 1622 quae
936 1546 1022 1618 vites,
1038 1549 1095 1605 etl

86 1627 170 1686 illae
184 1627 355 1700 contrario,
372 1626 452 1702 duae
467 1627 624 1702 sequaris,
639 1628 816 1700 moderata,
837 1630 933 1704 lenia,
955 1630 1066 1706 quibus

85 1725 144 1770 nec
156 1710 196 1769 ad
210 1711 404 1770 irascendum
418 1725 515 1770 causa
530 1709 625 1770 deluit
639 1726 696 1770 nec
709 1712 748 1771 ad
761 1713 969 1774 ulciscendum
980 1721 1066 1788 pote-

87 1801 164 1853 stas.
199 1793 277 1867 Quid
292 1793 372 1854 eninr
394 1791 512 1854 lacilius
526 1793 581 1854 luit
594 1795 747 1870 Antigono
764 1812 857 1871 quam
877 1798 956 1858 duos
972 1797 1096 1856 mani-2

86 1879 215 1954 pulares
231 1877 302 1940 duci
315 1875 436 1950 iubere,
458 1877 510 1952 qui
530 1877 742 1938 incumbentes
763 1879 846 1954 regis
868 1879 1065 1941 tabernaculo

86 1963 252 2034 faciebant,
268 1961 352 2036 quod
364 1960 502 2027 homines
514 1967 545 2022 et
556 1961 816 2036 periculosissime
828 1969 859 2022 ct
868 1963 1067 2024 libentissime

87 2045 220 2120 faciunt,
246 2045 319 2122 [qur]
344 2044 384 2104 de
408 2059 482 2118 rege
507 2061 565 2106 suo
591 2046 670 2104 male
694 2045 888 2106 existimanti
921 2047 1068 2107 Audierat

87 2130 192 2188 omnia
206 2129 394 2204 Antigonus,
415 2135 521 2204 utpote
542 2144 611 2190 cum
631 2130 709 2190 inter
730 2131 880 2190 dicentem
895 2138 925 2191 et
941 2131 1066 2191 audien·

86 2221 147 2272 tem
164 2214 246 2287 palla
260 2211 431 2274 interesset.
453 2228 544 2288 quam
558 2213 608 2272 ille
623 2213 728 2274 leviter
742 2214 962 2276 commentat:
981 2216 1066 2288 „lon-

86 2296 167 2369 gius,
183 2296 290 2370 inquit,
306 2294 463 2368 discedite,
479 2312 520 2356 ne
534 2313 592 2356 vos
608 2313 664 2354 rex
679 2298 810 2360 audiat.“
833 2299 917 2357 ldem
934 2298 1096 2374 quadamb

89 2387 195 2452 nocte,
217 2394 286 2438 cum
308 2379 459 2454 quosdam
479 2394 519 2440 ex
532 2379 677 2440 militibus
694 2383 758 2441 suis
772 2381 951 2442 exaudisset
966 2379 1068 2440 onmia

87 2463 169 2522 mala
183 2461 372 2538 inprecantis
386 2461 466 2540 regi,
488 2462 541 2538 qui
556 2463 643 2538 ipsos
658 2464 687 2523 in
702 2463 778 2524 illud
792 2465 848 2524 iter
862 2471 892 2524 et
906 2465 1067 2525 inextrica-

88 2546 148 2604 bile
163 2547 260 2606 lutum
275 2545 464 2620 deduxisset,
479 2548 613 2606 accessit
624 2547 665 2605 ed
680 2547 820 2621 e0s‚‚qui
836 2547 967 2608 maxime
981 2547 1066 2610 labo·

86 2629 212 2704 rabant,
235 2636 267 2690 et
286 2643 356 2690 cum
370 2629 546 2704 ignorantes
560 2646 580 2689 a
594 2645 655 2704 quo
671 2628 888 2690 adiuvarentur
902 2629 1067 2704 explicuis-

88 2719 151 2772 set:
174 2728 294 2788 ,‚nunc‚
322 2712 435 2786 inquit,
456 2713 628 2774 maledicite
642 2712 813 2787 Antigono,
834 2712 921 2774 cuius
941 2712 1014 2777 vitio
1035 2714 1066 2774 in

86 2795 144 2855 has
159 2797 300 2856 miserias
314 2795 480 2876 incidistis=
503 2797 531 2856 ei
546 2801 646 2858 autem
661 2796 740 2878 bene
756 2804 869 2871 optate,
884 2797 936 2872 qui
952 2813 1009 2858 vos
1025 2813 1066 2858 ex

87 2879 146 2940 bac
161 2879 309 2956 voragine
324 2880 458 2940 eduxit.“
479 2879 563 2940 Idem
578 2886 638 2939 tam
653 2879 716 2940 miti
731 2881 832 2941 animo
846 2881 977 2940 hostium
994 2896 1066 2942 suo·
1077 2893 1104 2947 t

85 2979 154 3022 rum
169 2963 332 3026 maledicta
348 2981 440 3038 quam
455 2963 568 3024 civium
588 2965 661 3024 tulit.
686 2964 790 3038 itaque
805 2981 872 3025 oum
892 2965 922 3023 in
938 2967 1066 3038 parvulo

88 3047 226 3121 quodam
241 3048 368 3111 castello
384 3046 491 3108 Graeci
506 3047 723 3109 obsiderentur
743 3055 773 3108 et
786 3048 899 3108 fiducia
919 3049 978 3107 loci
994 3063 1066 3110 con·

88 3137 259 3191 temnentes
282 3129 401 3192 hostem
422 3133 516 3192 multa
536 3135 566 3189 ln
587 3131 809 3191 deformitatem
823 3131 967 3206 Antigoni
985 3130 1066 3192 ioca-

86 3222 194 3276 rentur
208 3221 239 3273 et
253 3230 335 3280 nunc
351 3221 500 3280 staturam
517 3211 675 3287 humilem,
697 3229 778 3274 nunc
795 3215 944 3276 conlisum
959 3231 1067 3276 nasum

87 3297 280 3358 deriderent:
302 3298 459 3374 „gaudem
476 3295 592 3372 inquit,
608 3304 639 3357 et
652 3298 767 3372 aliquid
784 3299 855 3358 boni
870 3315 979 3372 spero,
996 3298 1066 3358 siin

87 3381 198 3440 castris
224 3381 302 3442 meis
328 3379 464 3446 Silenum
487 3379 619 3445 babeof‘
660 3380 734 3440 Cum
760 3382 818 3441 bos
841 3382 963 3442 dicaces
989 3383 1101 3444 lamen

86 3463 275 3537 domuisset,
297 3463 395 3540 captis
410 3465 456 3524 sio
476 3480 552 3524 usus
567 3470 630 3541 est,
650 3471 684 3524 ut
703 3481 759 3526 eos
775 3465 826 3541 qui
841 3464 962 3524 militiae
977 3463 1066 3527 utiles

132 3567 235 3606 sannen
249 3568 320 3606 enti.
333 3553 354 3606 Ι.
886 3553 901 3606 7
