2554 3888
175 279 230 336 AD
255 273 480 336 GALLIONEM
501 273 552 333 DE
572 275 665 334 VITA
687 273 836 334 ΒΕΑΤΑ.-
854 281 957 338 1116.
1011 274 1072 338 161

87 410 283 501 suspensum
301 415 428 499 gradum
458 431 574 498 ponunt
594 433 624 484 61
644 425 766 499 pondus
795 443 884 486 suum
911 428 1071 487 sustinent.

85 511 165 570 Cum
181 510 242 570 hoe
259 509 300 568 ita
314 508 445 568 divisum
456 498 598 580 sit'malo
615 507 671 568 has
687 509 716 567 in
735 525 792 569 usu
807 507 878 568 milii
894 526 974 583 esse,
992 527 1071 586 quae
1085 517 1105 572 8

86 593 285 652 exercendae
300 591 492 666 tranquillius
507 599 586 665 sunt,
609 607 701 666 quam
718 589 787 664 eas,
810 609 937 667 quarum
950 596 1070 670 experi-
1103 631 1105 636 ·

87 684 227 738 mentum
242 674 369 750 sanguis
384 682 414 735 61
428 676 524 737 sudor
538 681 595 736 est.
615 675 696 750 Ergo
712 692 773 736 non
790 691 848 751 ego
864 677 958 752 aliter,
974 676 1072 752 inquit

87 759 229 835 sapiens,
253 759 322 819 vivo
338 775 430 834 quam
445 761 564 834 loquor,
582 760 636 818 sed
650 775 707 820 vos
723 759 809 818 aliter
824 761 947 820 auditis.
974 777 1071 822 sonus

87 843 302 904 tantummodo
325 843 487 903 verborum
502 842 542 901 ad
563 857 652 902 aures
674 849 794 903 vestras
817 845 971 918 pervenit:
998 845 1071 920 quid

87 928 320 1003 significetnon
337 927 512 1002 quaeritis.“
641 972 643 975 .
1086 943 1102 996 1

152 1011 262 1072 XXVI.
283 1009 408 1084 „„Quid
422 1025 496 1084 ergo
519 1009 657 1068 interme
675 1012 796 1070 stultum
812 1018 842 1072 et
856 1017 886 1071 te
901 1012 1071 1086 sapientem
1151 1019 1155 1032 ’

88 1095 228 1169 interest,
244 1094 270 1152 si
285 1101 413 1169 uterque
424 1093 540 1153 hahere
554 1093 769 1154 volumust““
801 1095 997 1190 ,Plurimum
1026 1097 1071 1156 di-

92 1179 186 1238 vitiae
202 1177 283 1238 enirn
296 1179 379 1252 apud
394 1175 563 1252 sapientem
578 1177 676 1236 virum
691 1176 719 1235 in
732 1185 878 1238 servitute
893 1188 971 1251 sunt,
988 1181 1071 1254 apud

88 1263 217 1322 stultum
232 1261 262 1320 in
278 1261 416 1336 imperio.
442 1261 566 1334 sapiens
588 1259 700 1320 divitiis
713 1261 786 1321 nihil
809 1261 959 1336 permittit,
981 1262 1070 1322 vobis

88 1345 218 1405 divitiae
229 1344 339 1404 omnin.
356 1361 424 1417 voS,
437 1343 589 1418 tamquam
601 1345 711 1418 aliquis
725 1343 815 1405 vobis
828 1352 980 1404 aeternam
997 1361 1070 1420 pos-

90 1427 266 1489 sessionem
282 1444 385 1487 earum
399 1427 582 1503 premiserit,
603 1429 786 1488 adsuescitis
801 1428 860 1488 illis
876 1436 905 1488 et
925 1429 1069 1488 cohaere-

91 1513 140 1586 tis,
167 1512 293 1587 sapiens
308 1519 380 1572 tune
394 1511 524 1571 maxime
540 1518 748 1587 paupertatem
763 1512 933 1586 meditatur,
956 1529 1023 1572 eum
1039 1513 1069 1572 in

90 1596 202 1655 mediis
217 1596 329 1656 divitiis
344 1595 486 1656 constitit.
507 1595 677 1670 Numquam
691 1597 855 1671 imperator
865 1597 910 1657 ita
921 1597 989 1672 paci
1006 1613 1070 1656 ere·
1085 1606 1103 1658 l

90 1679 145 1752 dit,
161 1685 270 1742 utnon
293 1695 328 1739 se
342 1685 503 1754 praeparet
523 1679 614 1753 bello,
636 1681 720 1754 quod
741 1680 932 1740 etiamsinon
948 1681 1069 1755 geritur,

90 1761 238 1835 indictum
255 1771 316 1824 est=
333 1779 396 1822 ,vos
419 1763 529 1822 domus
545 1764 688 1834 lormosa,
710 1771 864 1838 tamquam
886 1780 942 1823 nee
963 1765 1070 1822 ardere

91 1861 150 1905 nee
164 1862 255 1906 ruere
269 1847 377 1922 possit,
398 1847 575 1920 insolentes,
595 1863 652 1906 vos
669 1861 756 1921 opes,
776 1853 929 1920 tamquam
951 1848 1070 1921 perieu-

91 1931 154 1990 lnm
183 1945 274 1990 omne
300 1929 544 1990 transcenderint
568 1929 762 2004 maioresque
787 1929 848 1988 sint
869 1930 956 1989 vobis
979 1947 1069 2004 quam

89 2013 206 2089 quibus
221 2014 439 2075 consumendis
462 2014 536 2073 satis
551 2014 658 2072 virium
678 2013 790 2073 habeat
810 2015 939 2085 fortuna,
964 2014 1067 2072 obstu-
1147 2075 1149 2079 ,

91 2098 257 2172 pelaeiunt.
279 2098 369 2175 otiosi
382 2096 497 2157 divitiis
510 2097 615 2158 luditis
628 2112 685 2156 nee
700 2096 868 2172 providetis
882 2096 999 2156 illarum
1016 2111 1067 2172 pe·
1085 2098 1103 2152 3

90 2183 229 2256 rieulum,
245 2181 324 2240 siant
337 2181 458 2240 barbari
472 2182 662 2256 plerumque,
677 2181 785 2240 inclusi
801 2187 831 2240 et
844 2180 942 2254 ignari
957 2181 1070 2240 maehi-

88 2281 207 2337 narum,
225 2279 337 2338 segnes
351 2264 487 2324 laborem
499 2263 701 2336 obsidentium
717 2271 858 2338 spectant
871 2280 928 2324 nee
944 2280 1004 2339 quo
1019 2265 1071 2323 illa

90 2349 272 2422 pertineant,
288 2363 414 2422 quaeax
425 2347 591 2423 longinquo
603 2354 766 2420 struuntur,
781 2349 973 2422 intellegunt:
988 2349 1068 2406 idem
1122 2403 1124 2408 .

89 2433 181 2492 vobis
197 2432 307 2491 evenit.
332 2431 473 2491 marcetis
487 2429 516 2490 in
532 2431 642 2491 vestris
654 2431 747 2490 rebus
760 2447 815 2489 nea
831 2430 979 2505 cogitatis,
996 2437 1071 2505 quot

89 2531 185 2575 casus
200 2515 338 2590 undique
352 2513 517 2578 inmineant
530 2515 589 2574 iam
609 2514 732 2588 iamque
755 2513 891 2586 pretiosa
905 2513 1006 2588 spolia
1026 2516 1068 2571 la·

89 2599 160 2658 imi.
190 2597 328 2672 Sapienti
350 2597 489 2674 quisquis
504 2597 663 2658 abstulerit
677 2598 805 2668 divitias,
828 2597 929 2678 omnia
947 2595 988 2655 illi
1013 2609 1109 2667 suaa

88 2683 253 2756 relinquet.
282 2681 355 2741 vivit
366 2681 445 2741 enim
458 2680 671 2756 praesentibus
683 2682 790 2752 laetus,
807 2679 915 2739 tuturis
929 2695 1068 2740 securus

89 2765 166 2824 nihil
181 2765 290 2840 magis,
304 2763 401 2840 lnquit
413 2765 462 2824 1116
475 2764 625 2830 socrates„
633 2772 685 2824 aut
698 2762 810 2838 aliquis
824 2763 910 2835 alius,
926 2765 974 2822 eui
988 2763 1069 2822 idem

87 2853 138 2909 ius
150 2849 302 2910 adversus
317 2849 447 2908 humana
465 2857 557 2924 atque
570 2849 677 2907 eadem
694 2853 830 2922 potestas
846 2853 902 2919 est,
927 2847 1068 2921 persuasi

88 2932 180 3006 mihi,
206 2949 298 3006 quam
317 2949 356 2991 ne
376 2932 417 2992 ad·
436 2932 597 3006 opiniones
618 2934 737 2991 vestias
759 2939 857 2991 natum
880 2930 960 2990 vitae
982 2945 1076 2990 16666-

90 3015 258 3076 flecterem.
281 3016 371 3076 solita
385 3016 520 3076 conferte
540 3015 676 3090 undique
691 3015 801 3074 verba:
822 3031 882 3074 non
904 3014 1067 3074 conviciari

89 3115 150 3158 vos
167 3098 289 3174 putabo,
304 3099 361 3158 sed
375 3099 479 3173 vagire
493 3101 576 3158 velut
589 3099 720 3158 infantes
734 3097 969 3158 misserrimos.“
984 3097 1068 3158 Haeo
1082 3111 1101 3162 5

89 3182 174 3242 dicet
194 3182 260 3256 ille,
282 3183 331 3242 eui
348 3180 498 3257 sapientia
519 3183 656 3256 contigit,
679 3197 769 3256 quem
788 3182 905 3240 animus
927 3179 1067 3240 vitiorum

90 3265 225 3336 inmunis
239 3265 399 3341 inerepare
414 3265 501 3338 alios,
525 3282 585 3325 non
603 3264 675 3339 quia
690 3265 762 3338 odit,
782 3265 882 3324 sedin
899 3265 1066 3324 remedium

90 3347 184 3409 iubet.
220 3349 332 3409 adiciet
352 3349 398 3408 liis
415 3347 481 3408 illa:
503 3348 711 3422 „Existimatio
727 3364 775 3406 me
797 3355 899 3408 vestra
917 3365 977 3408 non
999 3361 1066 3405 nieo

93 3433 215 3492 nomine
230 3433 287 3492 sed
302 3441 404 3493 vestro
420 3439 530 3505 movet,
547 3433 619 3506 quia
633 3430 809 3490 calamitatis
828 3436 892 3505 [est]
908 3433 1022 3500 odisse,
1038 3437 1069 3487 61

92 3517 249 3576 lacessere
265 3517 404 3576 virtutem
419 3515 520 3576 bonae
540 3516 608 3590 spei
630 3515 756 3574 eiuratio
778 3523 834 3574 est.
863 3516 975 3574 nullam
995 3509 1072 3570 mihi

136 3619 240 3657 saraca
260 3620 329 3658 ruit.
352 3604 371 3658 1.
883 3605 915 3657 ll
