2528 3906
206 259 260 318 AD
283 256 507 320 GALLIONEM
528 257 579 318 DE
598 259 693 318 VITA
710 260 851 325 Bactra,
878 267 996 321 18-10.
1043 258 1103 322 155

118 418 241 470 temnas
254 409 336 470 bona
352 409 447 468 verba
461 416 491 468 et
504 407 594 470 bonis
607 406 841 483 cogitationibus
855 410 946 484 piena
958 425 1102 485 praecor-

117 493 182 552 dia.
212 492 380 553 studiorum
402 493 578 552 salutarium
597 493 687 552 ctiam
702 491 776 552 citra
792 492 932 553 effectum
949 495 1102 556 laudanda

119 575 261 639 111111ιί1
287 582 342 634 est.
375 575 451 648 Quid
476 577 599 647 mirum,
626 576 739 651 sinon
765 577 934 636 escendunt
957 577 987 636 in
1010 579 1131 641 11111111

118 659 219 720 ardua
234 659 395 733 adgressis
416 659 473 718 sed
488 659 515 720 si
530 659 577 718 vir
593 675 644 734 es,
658 660 800 734 suspice,
815 659 933 720 etiamsi
946 661 1099 736 decidunt,

118 757 233 816 magna
254 742 401 802 conantis.
431 743 587 804 Generosa
607 759 658 803 res
680 750 729 804 est
747 743 962 819 respicientem
978 759 1039 804 non
1060 745 1101 804 ad

117 841 211 899 suas,
235 826 292 885 sed
307 825 346 884 ad
362 833 487 894 naturae
507 842 584 886 suae
599 828 680 886 uires
695 827 889 901 conariaita,
907 833 1056 902 temptare
1071 834 1102 888 et

118 915 223 968 mente
237 909 353 970 maiora
367 909 545 984 concipere,
563 927 653 986 quarn
670 926 749 986 quae
764 911 852 971 etiam
870 911 983 986 ingenti
998 913 1098 972 animo

120 992 279 1054 adornatis
306 991 386 1053 111111
410 1001 550 1067 possunt.
582 994 638 1068 Qui
658 995 716 1054 sibi
737 994 797 1054 hoc
818 995 997 1070 proposuit=
1019 999 1129 1070 „egos

116 1083 248 1137 mortem
263 1077 372 1137 codem
387 1077 480 1150 voitu,
496 1092 563 1137 cunr
579 1094 635 1153 qao
649 1079 779 1152 audiam,
796 1079 917 1140 videbo.
939 1095 999 1154 ego
1013 1079 1098 1139 labo·

116 1161 221 1233 ribus,
249 1159 486 1236 quanticumque
511 1161 553 1219 1111
579 1169 681 1234 erunt,
708 1162 823 1236 parebo
846 1162 946 1222 animo
968 1163 1097 1224 fulciens

117 1260 246 1319 corpus.
279 1259 338 1319 ego
365 1245 486 1304 divitias
512 1251 545 1316 et
567 1251 748 1319 praesentes
774 1251 805 1304 et
831 1245 974 1306 absentes
998 1261 1099 1320 aeque

114 1335 328 1402 contemnam,
347 1344 404 1388 nec
419 1329 445 1387 si
461 1327 572 1388 alicubi
588 1329 744 1402 iacebunt,
759 1327 888 1402 tristior,
903 1343 961 1388 nec
975 1328 1002 1388 si
1018 1329 1099 1388 circa

117 1429 168 1472 1111
189 1411 362 1488 fulgebunt,
391 1412 565 1472 animosior.
598 1427 657 1487 ego
679 1413 828 1474 torturam
849 1426 907 1470 neo
927 1411 1097 1474 venientem

116 1496 279 1556 sentiaris
298 1509 332 1555 ec
359 1495 563 1558 recedentem.
601 1512 660 1571 ego
685 1503 783 1558 terras
809 1510 916 1555 omnes
941 1501 1098 1591 tamquam

117 1593 205 1640 meas
225 1581 353 1672 tice,bo
378 1595 462 1639 meas
487 1586 642 1656 tamquam
668 1579 811 1642 omnium.
843 1594 901 1653 ego
927 1579 972 1639 sic
996 1580 1097 1640 vivam

118 1664 209 1739 quasi
223 1645 319 1722 1111ἶῖ111
335 1662 402 1724 aliis
419 1679 467 1722 me
482 1669 583 1724 natum
600 1671 630 1724 et
644 1671 770 1725 naturae
784 1678 886 1722 rerum
901 1663 960 1724 hoc
974 1663 1098 1723 nomine

114 1748 232 1822 gratias
255 1763 358 1822 egam·
381 1762 442 1822 quo
464 1747 542 1806 enim
563 1749 672 1808 melius
693 1763 806 1822 genere
827 1747 980 1822 negotium
995 1763 1096 1808 meum

116 1846 212 1906 agere
226 1831 344 1905 potuitt
365 1847 457 1890 unum
472 1845 521 1890 me
536 1831 661 1892 donavit
675 1831 825 1904 omnibus,
841 1848 892 1890 unr
884 1831 975 1888 'mihi
988 1830 1095 1892 onmis.

116 1913 268 1990 quicquid
294 1914 431 1988 habebo,
456 1929 514 1973 nec
539 1915 666 1979 sordide
693 1914 863 1976 custodiam
886 1929 942 1972 neo
968 1915 1126 1987 prodiget

117 2013 272 2072 spargam.
305 1997 378 2056 nihil
401 1999 499 2072 magis
519 1999 682 2073 possidere
703 2013 752 2058 nre
773 1997 894 2057 credam
912 1997 1096 2072 quambene

114 2083 242 2142 donata.
276 2098 337 2142 non
353 2096 479 2142 numero
499 2097 556 2141 nec
571 2083 708 2157 pondere
722 2080 871 2142 beneficia
892 2096 948 2139 nec
962 2081 1024 2139 ulta
1039 2081 1096 2140 nisi

115 2165 299 2242 accipientis
319 2162 530 2226 aestimatione
550 2168 749 2241 perpendam.
783 2179 956 2261 numquam
972 2165 1003 2223 id
1023 2162 1096 2224 1111111

116 2251 243 2310 multum
259 2249 324 2322 erit,
341 2250 425 2325 quod
441 2249 552 2324 dignus
568 2251 707 2326 accipiet.
732 2247 806 2308 nihil
822 2248 985 2339 opinionis
992 2263 1094 2322 causa,

115 2333 222 2398 omnia
242 2331 449 2402 conscIentiae
470 2333 588 2393 faciam.
622 2334 738 2410 populo
760 2339 919 2408 spectante
941 2314 1007 2391 11111
1029 2347 1094 2391 111·

115 2419 189 2480 dam
205 2415 351 2494 quicquid
367 2433 416 2476 me
430 2416 556 2478 conscio
572 2417 690 2478 faciam.
713 2417 825 2478 edendi
840 2414 911 2474 mihi
922 2415 979 2474 erit
989 2415 1094 2474 bibcn-
1106 2418 1124 2470 5

115 2502 214 2577 dique
234 2501 304 2560 finis
330 2499 485 2562 desideria
507 2507 634 2562 naturae
658 2501 860 2574 restinguere,
889 2514 949 2558 non
976 2497 1095 2571 inplere

115 2587 222 2652 11111111
236 2591 266 2646 11
279 2583 445 2646 exinanire.
475 2600 530 2646 ero
552 2583 657 2644 amicis
678 2582 845 2656 iucundus,
868 2581 994 2640 inimicis
1015 2580 1094 2640 mitis

114 2668 274 2729 etfacilis.
304 2667 458 2729 exorabor
478 2676 640 2744 antequam
663 2683 770 2742 roger,
791 2665 929 2725 honestis
952 2664 1094 2738 precibus

116 2767 287 2814 occurram.
321 2753 449 2828 patriam
470 2768 568 2812 meam
592 2767 663 2812 esse
684 2751 829 2811 mundum
846 2749 941 2808 sciam
962 2755 992 2808 et
1008 2763 1094 2822 prae-

24 2895 27 2902 .
114 2837 204 2898 sides
226 2837 313 2897 deos.
349 2837 408 2896 hos
429 2853 526 2912 snpra
545 2852 593 2895 me
614 2835 756 2911 circaque
776 2849 823 2894 me
845 2839 927 2892 stare
949 2833 1094 2892 tactorum

116 2921 332 2996 dictorumque
358 2936 514 2980 censores.
549 2919 734 2994 quandoque
755 2925 806 2978 aut
829 2923 935 2976 natura
956 2917 1094 2990 spiritum

114 3011 236 3079 repetet
255 3012 308 3067 aut
326 3003 404 3065 ratio
419 3004 559 3076 dimittet,
580 3011 708 3063 testatus
725 3002 816 3062 exibo
831 3001 943 3076 bonam
958 3016 1006 3060 me
1021 3016 1093 3062 con-

115 3089 275 3148 scientiam
290 3104 422 3160 amassc,
439 3089 520 3148 bona
534 3088 649 3160 studia,
667 3087 777 3146 nullius
793 3099 848 3161 per
862 3099 911 3146 me
925 3084 1094 3146 libertatem

115 3171 317 3246 deminutam,
339 3173 461 3231 minime
481 3176 609 3230 meam.“
642 3173 693 3246 qui
717 3170 793 3230 haec
814 3170 915 3228 iacere
931 3175 1093 3244 proponet,

115 3256 215 3326 volet,
237 3256 411 3331 temptabit,
437 3256 476 3316 ad
499 3255 576 3315 deos
598 3255 654 3314 iter
673 3255 777 3314 saciet:
807 3269 863 3312 nae
884 3253 950 3327 iile,
976 3250 1095 3312 etiamsi

115 3355 176 3399 non
192 3341 332 3413 tenuerit,

373 3427 489 3498 magnis
503 3429 600 3484 tomen
616 3424 731 3484 excidit
743 3424 833 3482 ausis

116 3505 183 3568 Vos
210 3506 347 3583 quidem,
374 3507 458 3582 quod
484 3507 622 3567 virtutem
650 3508 858 3581 cultoremque
883 3504 948 3562 eius
975 3498 1122 3574 odistis,6
