2528 3906
115 257 117 266 ’
186 234 244 297 120
371 233 403 290 L.
426 230 572 291 ANNAEI
597 229 772 290 SENECAE
794 230 896 289 DIAL.
915 231 967 290 VI.

149 390 287 461 altaque
313 400 373 445 non
401 390 449 443 est
475 383 559 456 quod
588 398 645 442 nos
674 383 879 458 suspiciamus
904 391 1058 461 tamquam
1083 385 1169 448 inter·

179 477 286 533 nostra
300 467 408 542 positi=
430 473 535 526 mutua
549 467 735 540 accepimus.
766 483 842 527 usus
859 468 1039 544 tractusque
1054 478 1168 532 noster

180 562 241 628 est,
265 553 351 612 cuius
366 558 488 625 tempus
503 550 553 609 iile
573 550 686 610 arbiter
700 551 835 611 muneris
851 551 898 611 sui
913 558 1077 628 temperat:
1102 553 1166 614 nos
1255 599 1256 624 ,

181 644 302 714 oportet
322 635 352 694 in
376 641 520 710 promptu
540 633 655 693 habere
677 649 758 707 quae
778 633 809 692 in
831 634 979 696 incertum
993 636 1074 697 diem
1089 639 1167 698 data

180 729 264 793 sunt,
284 729 314 781 et
326 719 499 794 adpellatos
515 717 582 777 sine
597 718 723 792 querela
736 717 877 778 reddere.
900 719 1027 793 pessimi
1042 721 1165 781 debito·

151 808 222 874 sris
239 810 287 866 est
302 802 444 863 creditori
464 803 566 860 lacere
587 800 768 861 convicium.
798 800 910 862 Omnes
934 817 1007 877 ergo
1024 811 1166 877 nostros,

180 898 210 950 et
225 903 304 963 quos
320 885 501 961 superstites
515 885 584 959 lege
600 884 749 945 nascendi
772 892 914 960 optamus
928 894 959 946 et
974 903 1054 961 quos
1069 903 1164 962 prae·
1256 887 1257 890 ’

180 973 291 1033 cedere
312 968 510 1030 iustissimum
529 967 669 1042 ipsorum
684 976 788 1028 votum
802 975 864 1041 est,
888 968 933 1028 sic
948 985 1051 1030 amare
1066 970 1165 1031 debe·

180 1071 257 1125 mus,
273 1062 427 1127 tamquam
443 1051 516 1111 nihil
531 1051 619 1111 nobis
636 1051 675 1111 de
693 1053 909 1126 perpetuitate,
925 1051 1017 1114 immo
1032 1054 1105 1114 nihil
1123 1055 1167 1114 de

180 1138 374 1200 diuturnitate
400 1151 506 1196 eorum
533 1135 719 1210 promissum
744 1137 793 1194 sit.
825 1151 921 1210 saepe
946 1137 1166 1198 admonendus

179 1230 228 1283 est
241 1223 376 1294 animae,
399 1228 480 1280 amet
493 1228 527 1280 ut
540 1234 718 1291 recessura,
738 1218 828 1279 immo
845 1226 998 1294 tamquam
1013 1222 1166 1281 receden-
1257 1241 1258 1252 ¹

179 1309 231 1368 tie.
265 1303 413 1380 quicquid
434 1320 453 1363 a
473 1304 593 1364 fortuna
608 1303 711 1362 datum
728 1310 789 1377 est,
815 1309 970 1377 tamquam
986 1312 1168 1379 exemptum

151 1398 306 1456 tauctorc
326 1387 501 1464 possideas.
534 1387 643 1461 Rapite
663 1401 702 1445 ex
722 1385 827 1447 liberis
848 1388 1036 1461 voluptates,
1057 1389 1166 1448 truen-

182 1475 240 1535 dos
260 1491 319 1533 vos
341 1471 471 1532 invicem
491 1469 595 1530 liberis
611 1471 682 1530 date
696 1476 727 1529 et
741 1469 809 1530 sine
824 1469 968 1532 dilatione
983 1487 1073 1532 omne
1087 1487 1165 1546 gau·
1258 1481 1259 1490 ¹

181 1557 265 1617 dium
280 1556 409 1616 haurite.
440 1553 512 1613 nihil
528 1555 567 1612 de
581 1551 731 1613 hodierna
745 1563 835 1615 nocte
851 1553 1042 1628 promittitur.
1071 1556 1166 1616 nimis

180 1655 321 1714 magnam
336 1637 570 1698 advocationem
586 1636 672 1696 dedi:
691 1636 764 1696 nihil
779 1637 818 1697 de
833 1637 891 1697 hac
905 1637 991 1697 horu.
1015 1638 1166 1698 festinan·

181 1723 253 1782 dum
274 1730 330 1782 est.
363 1720 491 1781 instatur
510 1728 649 1794 clergor
671 1720 729 1781 iam
746 1720 904 1782 disicietur
918 1722 976 1782 iste
991 1724 1166 1795 comitatus,

180 1807 239 1866 iam
260 1805 459 1868 contubernia
479 1805 538 1864 ista
558 1805 678 1865 sublato
699 1805 833 1866 clamore
854 1806 1020 1865 solventur.
1051 1807 1168 1880 rapina
1259 1805 1260 1808 ’

153 1898 283 1950 ererum
299 1889 431 1950 omnium
447 1895 508 1948 est:
531 1889 634 1948 miseri
655 1887 779 1948 nescitis
798 1890 870 1964 iuga
886 1889 998 1948 vivere.
1034 1888 1067 1949 Si
1081 1906 1166 1950 mor·

182 1981 265 2034 tunm
287 1974 340 2034 tibi
361 1973 454 2032 titium
471 1973 573 2045 doles,
595 1973 669 2031 eius
677 1973 824 2046 temporis
840 1989 901 2046 quo
915 1973 1006 2038 'natus
1021 1981 1082 2046 est,
1106 1975 1167 2032 cri-

182 2074 250 2116 men
272 2066 327 2117 est.
359 2073 442 2116 mors
458 2056 537 2114 enim
552 2053 594 2113 illi
609 2055 786 2118 denuntiata
800 2057 938 2116 nascenti
954 2065 1009 2117 est.
1035 2057 1066 2115 in
1081 2057 1166 2117 hanc

181 2142 280 2214 legem
301 2147 400 2199 natus.
432 2139 491 2198 hoc
511 2137 594 2197 illum
610 2139 703 2198 iatum
719 2141 757 2199 ab
772 2148 858 2201 utero
873 2141 974 2200 'statim
990 2155 1164 2216 proseque-

154 2223 279 2283 6batur.
311 2223 344 2281 ln
369 2237 497 2296 regnum
519 2222 657 2281 torturae
678 2225 850 2298 etquidem
872 2224 981 2284 durum
1003 2230 1095 2298 atque
1117 2227 1163 2282 in-

64 2314 72 2320 ·
182 2306 295 2365 victum
320 2305 532 2380 pervenimus,
558 2305 638 2365 illius
663 2307 788 2367 arbitrio
809 2307 902 2382 digna
923 2315 1014 2381 atque
1036 2307 1166 2382 indigna

182 2389 314 2464 passuri.
360 2388 543 2464 corporibus
574 2389 687 2448 nostris
713 2390 900 2466 inpotenter,
930 2390 1164 2464 contumeliose,

183 2473 345 2534 crudeliter
366 2472 519 2533 abutetum
540 2472 617 2532 alios
638 2471 759 2546 ignibus
779 2481 904 2548 peruret
917 2474 964 2533 vel
981 2473 1011 2534 in
1027 2489 1164 2549 poenam

182 2557 312 2618 admotis
336 2557 385 2616 vel
411 2556 441 2616 in
466 2556 644 2616 remedium.
678 2558 754 2618 alios
775 2557 901 2617 vinciet:
926 2557 959 2617 id
978 2573 1059 2620 nunc
1080 2557 1165 2618 hosti

181 2641 298 2715 licebit,
322 2657 403 2702 nunc
419 2640 487 2702 civi.
522 2639 599 2700 alios
615 2657 671 2715 per
685 2641 800 2702 incerta
814 2642 917 2702 nudos
931 2642 1026 2701 maria
1038 2640 1165 2701 iactabit

182 2733 212 2784 et
231 2726 361 2786 luctatos
382 2741 450 2785 cum
472 2724 617 2785 fluctibus
637 2739 676 2783 ne
696 2725 725 2782 in
741 2741 864 2784 arenam
880 2725 1004 2800 quidem
1018 2731 1071 2785 aut
1089 2725 1163 2784 litus

182 2809 336 2881 explodet,
352 2809 407 2867 sed
423 2808 453 2867 in
470 2807 597 2868 alicuius
609 2809 767 2868 inmensae
778 2815 913 2868 ventrem
925 2809 1035 2869 beluae
1047 2809 1163 2870 decon-

182 2891 241 2948 det.
280 2891 358 2950 alios
382 2892 557 2951 morborum
582 2891 675 2952 variis
700 2893 864 2966 generibus
891 2899 1082 2954 emaceratos
1108 2893 1165 2954 diu

181 2975 260 3032 inter
273 2974 365 3034 vitam
379 2979 569 3050 mortemque
583 2976 703 3036 medios
719 2975 873 3036 detinebit.
902 2984 935 3037 ut
949 2977 1035 3037 varia
1049 2984 1079 3036 et
1095 2977 1163 3036 libi-

182 3057 291 3116 dinosa
317 3056 601 3133 mancipiorumque
632 3070 773 3120 suorum·
789 3061 957 3134 neglegens
983 3061 1106 3122 domina
1132 3066 1164 3119 et

181 3139 290 3214 poenis
305 3147 336 3198 et
349 3141 525 3200 muneribus
542 3141 664 3202 errabit.
856 3171 868 3182 ·

153 3232 169 3285 1
265 3223 314 3281 Χ1.
344 3223 420 3296 Quid
441 3241 521 3298 opus
542 3233 590 3286 est
610 3234 714 3299 partes
738 3225 877 3286 defleret
902 3235 989 3289 tota
1010 3224 1162 3286 flebilis

180 3305 260 3364 vita
282 3314 351 3364 est.
378 3307 530 3380 urgebunt
552 3319 633 3367 nova
647 3309 850 3384 incommoda,
873 3310 1056 3386 priusquam
1076 3313 1162 3366 vete-

180 3389 265 3449 ribus
284 3389 480 3449 satisfeceris.
509 3391 728 3452 modcrandum
741 3401 789 3453 est
803 3393 907 3468 itaque
917 3393 1007 3454 vobis
1018 3391 1161 3462 maxime,

182 3489 261 3546 quae
277 3473 464 3532 inmoderate
479 3472 573 3545 iertIs,
590 3482 619 3534 et
634 3475 664 3532 in
680 3485 780 3536 metus
798 3485 827 3536 et
841 3475 870 3534 in
888 3478 1012 3536 dolores
1034 3473 1164 3534 humani
