2528 3906
199 253 258 316 aa
356 219 358 228 ’
508 247 908 316 carthusiensem

216 411 316 476 erant,
339 403 367 461 in
387 401 529 462 cohortes
551 399 752 473 describeret,
776 405 896 460 ceteros
912 399 1056 472 praeconi
1072 399 1196 458 subice·
1218 452 1221 457 .

214 494 275 558 ret,
297 487 391 561 idque
412 500 446 544 se
468 484 589 559 negavit
602 485 750 542 iacturum
765 482 877 556 luisse,
899 481 957 542 nisi
972 483 1132 557 expediret
1145 483 1196 542 his

216 569 371 631 dominum
386 567 508 640 habere,
524 567 575 641 qui
590 574 649 627 tam
665 566 775 624 malam
789 565 936 625 haberent
951 565 1094 640 linguam.

187 667 205 718 1
227 673 230 682 ¹
265 676 269 685 ·
299 653 403 712 XXlll.
425 651 523 712 Huius
538 665 647 725 nepos,
660 649 716 708 luit
729 649 920 721 Alexander,
943 647 995 725 qui
1009 650 1148 710 lanceam
1163 651 1194 708 in

217 735 366 796 convivas
388 750 464 795 suos
485 733 662 808 torquebat,
689 732 800 806 quiex
821 732 942 794 duobus
963 731 1085 804 amicis,
1112 749 1194 807 quos

216 821 309 894 paulo
325 825 395 878 unte
410 817 513 886 retuli,
531 818 657 876 alterum
673 816 756 875 ierac
772 813 898 889 obiecit,
913 817 1039 876 alterum
1055 816 1124 874 sibi.
1154 833 1194 876 ex

187 901 264 966 ahis
289 901 411 962 duobus
435 907 534 960 tamen
561 900 611 974 qui
638 899 719 958 leoni
744 895 883 958 obiectus
909 906 970 971 est,
1003 899 1087 959 vixit.
1125 899 1194 960 Non

216 985 321 1044 habuit
334 984 393 1044 hoc
408 984 519 1042 avitum
534 983 585 1042 ille
598 983 719 1055 vitium,
733 997 773 1040 ne
788 989 946 1056 paternum
961 982 1094 1057 quidem.
1123 999 1194 1042 nam

217 1069 244 1127 si
259 1083 320 1142 qua
341 1068 399 1128 alia
419 1067 447 1126 in
462 1065 600 1141 Philippo
622 1066 732 1138 virtus,
758 1064 814 1125 luit
830 1072 860 1125 et
873 1064 1123 1126 contumeliamm
1139 1083 1193 1140 pa-

216 1152 329 1221 tientia,
345 1151 453 1225 ingens
468 1151 698 1209 instrumentum
713 1148 753 1208 ad
767 1150 888 1210 tutelam
904 1149 1000 1223 regni.
1022 1147 1193 1210 Democha-

216 1249 267 1294 res
288 1235 326 1294 ad
347 1235 431 1293 illum
449 1232 673 1292 Parrhesiastes
699 1231 740 1290 ob
760 1230 883 1291 nimiam
904 1239 933 1292 et
953 1247 1116 1307 procacem
1138 1234 1193 1291 lin-

156 1321 163 1331 ‘'
218 1333 309 1393 guam
321 1317 492 1392 adpellatus
507 1315 584 1376 inter
594 1316 672 1376 alios
684 1313 916 1375 Atheniensium
927 1316 1045 1390 legatos
1057 1324 1193 1375 venerat.
1253 1385 1254 1388 Ἴ

219 1401 322 1462 audita
334 1400 466 1474 benigne
480 1400 631 1474 legatione
643 1397 818 1472 Philippus:
841 1397 966 1470 „dicite‚
981 1395 1094 1473 inquit,
1111 1399 1193 1470 mihi,
1253 1435 1254 1458 t

218 1485 319 1544 lacere
344 1484 418 1558 quid
444 1483 575 1557 possim,
606 1481 691 1556 quod
717 1481 757 1540 sit
780 1479 1017 1541 Atheniensibus
1042 1487 1193 1556 gratum.“
1253 1463 1254 1502 ¹

188 1567 341 1641 sexcepit
354 1565 560 1636 Demochares
576 1573 620 1624 etz
641 1569 706 1638 ‚,te‚
727 1563 839 1638 inquit,
858 1563 1080 1639 suspendere.“
1112 1565 1193 1624 lndi-

218 1649 321 1724 gnatio
348 1647 605 1708 circumstantium
635 1647 675 1706 ad
699 1654 759 1706 tam
786 1646 981 1706 inhumanum
1006 1663 1194 1722 responsum

219 1739 326 1792 exorta
346 1740 419 1792 erut.
447 1747 526 1806 quos
539 1731 698 1805 Philippus
720 1730 928 1790 conticescere
948 1729 1038 1790 iussit
1057 1738 1088 1791 et
1100 1730 1194 1790 Ther-

220 1816 308 1877 sitam
332 1815 414 1875 illum
441 1816 559 1874 salvum
584 1812 829 1886 incolumemque
854 1811 1011 1874 dimittere.
1044 1817 1106 1886 „At
1126 1831 1194 1887 vos,

219 1899 330 1975 inquit,
347 1898 439 1960 ceteri
453 1899 559 1972 legati,
575 1897 707 1958 nuntiate
721 1896 960 1956 Atheniensibus
976 1899 1069 1957 multo
1086 1913 1194 1972 super-

180 1994 184 2000 “
219 1984 322 2044 biores
338 1997 424 2056 esse,
446 1981 497 2055 qui
512 1981 571 2041 ista
591 1981 695 2040 dicunt
722 1995 813 2054 quam
836 1980 887 2054 qui
907 1980 1020 2054 inpune
1040 1980 1122 2040 dicta
1143 1999 1196 2040 au·

188 2066 335 2127 tdiunt.“
367 2065 462 2125 Multa
488 2073 518 2124 et
543 2062 633 2123 divus
654 2064 812 2136 Augustus
837 2062 929 2137 digna
953 2062 1099 2123 memoria
1126 2065 1197 2123 lecit

218 2149 370 2223 dixitque,
396 2163 434 2206 ex
462 2146 572 2222 quibus
592 2147 740 2221 adpareat
762 2147 838 2206 iram
863 2145 906 2208 illi
931 2162 992 2206 non
1013 2147 1195 2221 imperasse.

217 2231 392 2306 Timagenes
407 2230 597 2291 historiarum
612 2229 743 2304 scriptor
758 2229 908 2305 quaedam
923 2230 953 2288 in
967 2231 1083 2306 ipsum,
1101 2246 1194 2304 quae·

171 2335 174 2342 ’
219 2313 334 2374 damin
349 2329 476 2372 uxorem
498 2314 564 2374 eius
586 2320 617 2373 et
630 2313 660 2372 in
674 2320 768 2373 totam
782 2313 905 2374 domum
920 2313 1039 2374 dixerat
1053 2329 1111 2372 nec
1127 2329 1195 2388 per·

220 2398 339 2458 diderat
358 2397 446 2458 dicta.
479 2398 576 2471 magis
596 2397 676 2456 enim
698 2396 908 2457 circumfertur
925 2405 955 2456 et
975 2396 1075 2456 inore
1096 2396 1194 2456 homi·

189 2494 291 2548 anum
306 2487 354 2541 est
364 2479 524 2541 temeraria
538 2481 703 2540 urbanitas.
726 2478 827 2554 Saepe
841 2478 924 2538 illum
940 2479 1052 2540 caesar·
1067 2481 1192 2550 monuit,

219 2564 405 2626 moderatius
420 2563 523 2638 lingua
536 2561 686 2624 uteretur:
704 2563 913 2638 perseveranti
928 2563 1019 2623 domo
1034 2578 1091 2622 sua
1102 2563 1193 2622 inter·
1252 2595 1253 2622 ;

219 2647 304 2712 dixit.
335 2648 447 2708 Postea
459 2648 639 2720 Timagenes
660 2645 690 2705 in
712 2645 911 2706 contubernio
926 2645 1071 2706 Pollionis
1093 2644 1195 2706 Asinii
1252 2665 1253 2718 t

220 2731 381 2792 consenuit
396 2746 432 2789 ac
454 2737 514 2790 tota
530 2729 651 2790 civitate
666 2728 804 2803 direptus
820 2735 876 2789 est.
908 2729 1024 2788 nullum
1039 2727 1081 2788 illi
1102 2728 1195 2788 limen

191 2815 382 2892 apraoclusa
394 2812 534 2874 Caesaris
550 2813 659 2872 domus
675 2811 806 2873 abstulit.
827 2811 977 2872 Historias
992 2817 1101 2887 postea
1115 2827 1196 2886 quas
1252 2845 1253 2935 1

220 2897 402 2970 scripserat,
427 2896 564 2956 recitavit
583 2903 613 2955 et
631 2895 789 2955 conbussit
809 2902 839 2954 et
852 2894 947 2955 libros
969 2901 1037 2954 acta
1053 2894 1195 2954 Caesaris

219 2977 350 3052 Augusti
377 2979 558 3041 continentis
584 2979 612 3036 in
640 2979 739 3052 ignem
761 2978 872 3052 posuit.
905 2978 1076 3038 inimicitias
1097 2976 1197 3052 gessit

220 3077 289 3120 cum
306 3061 451 3122 Cacsare=
474 3077 561 3121 nemo
577 3059 737 3120 amicitiam
752 3061 818 3120 eius
834 3061 984 3135 extimuit,
999 3076 1089 3120 nemo
1105 3061 1195 3134 quasi

219 3145 395 3218 fulguritum
419 3145 556 3220 refugit·
572 3145 627 3204 luit
651 3143 702 3217 qui
729 3143 889 3218 praeberet
912 3151 973 3204 tam
993 3145 1052 3204 alte
1075 3143 1196 3202 cadenti

191 3228 330 3289 lsirum.
351 3227 429 3288 Tulit
445 3229 512 3300 hoc,
527 3235 560 3288 ut
574 3227 646 3300 dixi,
665 3226 778 3287 Caesar
791 3225 948 3301 patienter,
962 3242 1001 3286 ne
1017 3242 1054 3287 eo
1071 3225 1197 3301 quidem

220 3318 337 3383 motuS,
360 3311 444 3385 quod
466 3310 608 3370 laudibus
622 3309 687 3370 suis
702 3310 859 3384 rebusque
873 3311 969 3384 gestis
983 3326 1094 3369 manus
1109 3309 1196 3368 adtu-

220 3397 305 3457 lerat.
340 3409 505 3466 numquam
533 3409 600 3452 cum
627 3392 749 3466 hospite
772 3392 883 3452 inimici
909 3391 957 3453 sui
983 3399 1111 3467 questus
1137 3398 1196 3450 est.
1251 3441 1252 3444 ,

193 3477 281 3541 tthoc
300 3476 456 3539 dumtaxat
474 3475 598 3534 Pollioni
621 3476 728 3538 Asinio
750 3474 840 3536 dixit=
860 3477 1108 3557 θηριοτροφεῑς.
1139 3474 1197 3534 Pa·
