2554 3888
155 333 158 338 Ι
206 252 261 312 ΑΙ)
279 247 504 310 GALLIONEM
518 248 570 310 DE
583 248 678 308 VITA
691 247 831 309 Baldo„
851 255 972 312 its-ue.
1018 246 1079 310 163

100 420 179 466 suos
199 401 322 463 effudit:
350 401 510 462 inlustrata
529 407 578 460 est
597 399 694 462 virtus
708 417 777 461 mea
793 417 847 477 per
868 418 905 462 ea
919 403 1001 478 Ipsa,
1024 419 1081 479 per

101 503 183 564 quae
196 485 365 562 petebatur.
390 484 520 558 produci
533 483 613 544 enim
628 483 670 544 illi
681 491 711 545 et
721 486 861 560 temptari
875 487 1007 560 expedit,
1023 501 1081 548 nec

99 571 154 632 ulli
166 567 265 644 magis
280 567 466 643 intellegunt,
488 575 602 643 quanta
616 569 664 641 sit,
682 585 774 643 quarn
789 569 843 646 qui
857 569 938 630 vires
956 570 1022 630 eius
1037 573 1080 630 la·

101 653 257 716 cessendo
274 658 446 730 senserunt.
476 650 587 712 duritia
603 649 697 712 sillais
713 652 804 712 nuIIIs
819 652 915 727 magis
932 669 1023 728 quam
1038 655 1051 713 l
1067 686 1080 696 -

99 737 250 798 rientibus
271 742 344 796 nota
364 743 420 796 est.
460 735 597 796 Praebeo
617 751 666 794 me
686 751 748 796 non
769 735 856 796 aliter
875 753 966 812 quam
986 744 1113 813 rupesd

102 822 206 896 aliqua
220 820 250 879 in
265 818 385 880 vadoso
400 820 476 880 mari
497 818 648 892 destituta,
669 835 761 894 quam
782 817 894 880 fluctus
914 835 976 880 nou
999 822 1080 882 desi·

101 911 184 978 nunt,
200 904 416 978 undecumque
431 902 504 964 moti
518 909 597 976 sunt,
614 902 776 982 verberare
787 919 844 963 nec
859 903 930 964 ideo
945 911 998 964 aut
1011 905 1081 966 loco

101 1004 169 1048 eam
184 995 309 1048 movent
323 993 374 1046 eut
388 1002 444 1062 per
463 992 508 1047 tot
522 993 637 1046 aetates
653 987 760 1047 crebro
783 987 910 1048 incursu
929 1005 987 1049 suo
1009 1004 1081 1048 con-

101 1079 234 1132 sumunt.
262 1067 391 1144 adsilite,
407 1069 496 1130 facile
511 1070 655 1145 inpetum.
685 1069 811 1132 terendo
826 1087 884 1132 vos
899 1072 1026 1132 vincam.
1049 1071 1081 1131 in

101 1172 147 1228 ea,
170 1171 250 1230 quae
265 1154 353 1214 firma
367 1161 398 1214 et
410 1151 671 1228 inexsuperabilia
685 1161 765 1229 sunl,
785 1155 931 1230 quicquid
946 1153 1080 1230 incurrit,
1107 1227 1115 1234 ι

100 1239 182 1298 malo
199 1255 256 1300 suo
276 1237 337 1299 vim
359 1253 446 1303 suam
468 1245 600 1302 exercet.
633 1235 768 1303 Proinde
789 1239 927 1312 quaerite
947 1239 1085 1314 aliquam

100 1324 224 1384 mollem
241 1321 462 1396 cedentemque
481 1321 648 1395 materiam,
669 1321 699 1380 in
716 1337 777 1396 qua
791 1321 852 1382 tela
865 1329 970 1384 vestra
983 1323 1081 1397 tigan-

99 1412 157 1466 tur.
184 1405 283 1466 Vobis
300 1411 401 1466 autern
414 1413 504 1466 vacat
517 1405 616 1464 allena
630 1405 762 1466 scrutari.
778 1405 858 1470 mela
872 1412 901 1468 et
915 1406 1080 1468 sententias
1095 1408 1111 1460 4

100 1490 182 1549 lerre
196 1490 236 1550 de
260 1495 439 1566 quoquam?
467 1503 563 1563 quare
579 1487 630 1548 hle
652 1487 855 1564 philosophus
876 1488 976 1551 laxius
995 1489 1080 1554 bubi-

98 1581 152 1648 tat,
168 1589 265 1648 quare
278 1573 328 1636 hic
342 1573 453 1634 lautius
469 1579 600 1633 coenati
620 1575 752 1648 papulas
768 1573 939 1634 observans
953 1573 1079 1648 alteras,

100 1656 193 1718 obsiti
209 1656 347 1732 plurimis
363 1655 540 1720 ulceribus?
566 1657 635 1716 Hoc
651 1658 710 1716 lale
721 1662 770 1716 est
785 1657 875 1732 quale
889 1657 915 1718 si
929 1657 998 1732 quIs
1014 1659 1090 1734 puI-,

99 1741 321 1802 cherrimorum
348 1755 512 1816 corporum
537 1755 655 1800 naevos
682 1747 734 1800 nul
758 1755 906 1802 verrucas
933 1741 1079 1814 derideat,

100 1839 194 1899 quem
209 1825 275 1884 lera
294 1823 417 1887 scabies
432 1823 617 1898 depascitur.
649 1821 765 1903 Obicite
777 1821 902 1892 Platoni,
922 1825 1006 1898 quod
1028 1840 1078 1898 pe·
1091 1835 1123 1888 e·

98 1909 180 1968 tierit
199 1907 376 1982 pecuniam,
402 1905 574 1982 Aristoteli,
604 1906 688 1980 quod
708 1907 870 1982 acceperit,
896 1906 1079 1980 Democrito,

101 1992 186 2067 quod
201 1989 378 2066 neglexerit,
393 1989 538 2066 Epicuro,
564 1991 648 2066 quod
671 1991 904 2066 consumpserit.
928 1989 1080 2065 mihiipsi

99 2075 292 2136 Alcibiadem
315 2080 344 2134 et
357 2073 527 2135 Phaedrum
545 2073 704 2141 obiectate.
736 2073 759 2134 0
775 2090 833 2135 vos
851 2079 933 2148 [usu]
949 2074 1080 2134 maxime

100 2158 217 2233 felleos,
241 2175 309 2219 curn
324 2158 559 2234 primumvobis
574 2159 682 2220 imitari
700 2158 772 2218 vitIa
786 2165 891 2220 nostra
906 2157 1079 2233 contigerit!

100 2241 179 2316 Quin
195 2243 298 2317 polius
311 2243 391 2304 mola
405 2249 511 2303 vestra
524 2242 766 2319 circumspicitis,
783 2259 862 2318 quoe
874 2259 930 2304 vos
946 2242 985 2302 ab
1000 2245 1108 2312 omnio

100 2331 189 2401 pane
211 2326 400 2400 confodiunt,
423 2327 483 2388 alin
495 2325 669 2400 grassantia
688 2326 888 2400 extrinsecus,
911 2325 971 2386 alia
991 2325 1022 2386 in
1036 2327 1079 2386 vi·

100 2408 243 2470 sceribus
258 2409 336 2486 ipsis
351 2410 513 2476 ardentior
539 2410 605 2470 Non
622 2425 660 2472 eo
675 2411 745 2472 loco
764 2425 816 2470 res
830 2409 981 2470 humanae
1001 2418 1079 2482 sunt,

101 2493 347 2556 etlamsislatum
359 2501 496 2559 vestrum
507 2507 615 2569 perum
629 2494 737 2568 nostis,
751 2499 784 2554 ut
793 2493 882 2552 vobIs
898 2499 1011 2552 lantum
1029 2493 1080 2552 otii

102 2579 245 2653 supersit,
260 2585 294 2640 ut
304 2579 334 2638 in
351 2579 463 2654 probra
477 2577 634 2639 meliorum
649 2576 764 2652 agitare
778 2577 910 2650 linguam
926 2582 1034 2636 vacett

163 2661 298 2734 XXVIII.
322 2663 389 2724 Hoc
404 2677 462 2722 uos
483 2678 544 2722 non
560 2660 732 2736 Intellegitis
747 2667 778 2719 et
795 2661 927 2720 alienum
940 2658 1079 2720 fortunae

100 2753 225 2806 uestrae
239 2748 353 2824 voltum
367 2744 480 2820 geritis,
503 2745 583 2809 sicut
596 2743 724 2820 plurimi,
747 2743 857 2818 quibus
878 2740 908 2802 in
930 2743 1012 2804 circo
1029 2751 1080 2803 aut

100 2829 220 2890 tIrealro
235 2829 447 2894 desidentibus
460 2829 527 2894 -iem
539 2830 660 2888 lunesto
681 2828 791 2892 domus
813 2835 938 2891 estnec
963 2827 1079 2887 adnun-

101 2909 206 2974 liatum
219 2915 339 2976 muium.
370 2916 412 2974 At
431 2929 489 2990 ego
510 2929 550 2974 ex
571 2913 631 2972 allo
652 2909 846 2987 prospioIens
868 2911 976 2986 video,
1001 2927 1080 2986 quae

101 3003 301 3072 tempestates
319 3004 372 3061 aui
392 2997 557 3064 inmineunt
575 2997 664 3058 vobis
682 2997 775 3071 paulo
797 2995 914 3056 tardius
934 3002 1080 3070 rupturae

103 3079 238 3140 nimbum
262 3097 368 3156 suum,
387 3089 439 3144 ant
459 3081 518 3141 iam
538 3079 657 3146 vicinae
681 3095 738 3140 vos
759 3095 796 3138 ac
815 3087 918 3141 vestm
936 3087 1080 3154 rapturae

102 3165 232 3240 propius
240 3165 436 3226 accesserint.
457 3164 657 3240 Quidponon
670 3181 730 3232 non
739 3179 819 3224 nunc
831 3177 963 3239 quoque,
977 3163 1075 3222 etlum-

103 3247 253 3322 siparum
273 3249 400 3320 sentius,
420 3249 508 3310 turbo
531 3248 653 3325 quidem
673 3247 791 3308 animos
810 3255 932 3308 vestros
950 3252 1030 3307 rotat
1050 3260 1081 3305 ec

103 3331 239 3403 involvit,
258 3331 409 3412 fugientes
425 3339 625 3406 petentesque
638 3331 747 3392 eadem
762 3337 887 3392 ernunc
899 3331 930 3390 in
951 3329 1079 3390 sublime

104 3415 267 3475 adlevatos
282 3417 407 3477 nuncin
423 3415 526 3478 infima
540 3415 677 3476 adlisost
692 3412 730 3454 **
741 3411 827 3454 ****

758 3577 761 3582 ’
857 3574 912 3638 11*
