<?xml version="1.0" encoding="UTF-8"?>
<!DOCTYPE html PUBLIC "-//W3C//DTD XHTML 1.0 Transitional//EN"
    "http://www.w3.org/TR/xhtml1/DTD/xhtml1-transitional.dtd">
<html xmlns="http://www.w3.org/1999/xhtml" xml:lang="en" lang="en">
 <head>
  <title>
</title>
<meta http-equiv="Content-Type" content="text/html;charset=utf-8" />
  <meta name='ocr-system' content='tesseract 3.04.00' />
  <meta name='ocr-capabilities' content='ocr_page ocr_carea ocr_par ocr_line ocrx_word'/>
</head>
<body>
  <div class='ocr_page' id='page_1' title='image "./operaquaesupers00senegoog_0196.png"; bbox 0 0 2554 3888; ppageno 0'>
   <div class='ocr_carea' id='block_1_1' title="bbox 282 202 1075 276">
    <p class='ocr_par' dir='ltr' id='par_1_1' title="bbox 282 202 1075 276">
     <span class='ocr_line' id='line_1_1' title="bbox 282 202 1075 276; baseline 0 -11"><span class='ocrx_word' id='word_1_1' title='bbox 282 203 335 265; x_wconf 85' lang='lat' dir='ltr'><strong>DE</strong></span> <span class='ocrx_word' id='word_1_2' title='bbox 349 202 683 276; x_wconf 80' lang='lat' dir='ltr'><strong>TRANQUILLITATE</strong></span> <span class='ocrx_word' id='word_1_3' title='bbox 697 202 818 261; x_wconf 84' lang='lat' dir='ltr'><strong>ANIMI.</strong></span> <span class='ocrx_word' id='word_1_4' title='bbox 834 211 860 264; x_wconf 81' lang='lat'><strong>7.</strong></span> <span class='ocrx_word' id='word_1_5' title='bbox 871 211 898 265; x_wconf 90' lang='grc'><strong>8.</strong></span> <span class='ocrx_word' id='word_1_6' title='bbox 1015 203 1075 265; x_wconf 82' lang='grc'><strong>183</strong></span> 
     </span>
    </p>
   </div>
   <div class='ocr_carea' id='block_1_2' title="bbox 97 351 1177 3520">
    <p class='ocr_par' dir='ltr' id='par_1_2' title="bbox 97 351 1177 3520">
     <span class='ocr_line' id='line_1_2' title="bbox 101 351 1075 429; baseline -0.002 -13"><span class='ocrx_word' id='word_1_7' title='bbox 101 372 209 417; x_wconf 90' lang='lat' dir='ltr'><strong>uorem</strong></span> <span class='ocrx_word' id='word_1_8' title='bbox 233 355 411 415; x_wconf 87' lang='lat' dir='ltr'><strong>damnorum</strong></span> <span class='ocrx_word' id='word_1_9' title='bbox 432 368 504 413; x_wconf 91' lang='lat' dir='ltr'><strong>esse</strong></span> <span class='ocrx_word' id='word_1_10' title='bbox 524 352 689 412; x_wconf 76' lang='lat' dir='ltr'><strong>materiam.</strong></span> <span class='ocrx_word' id='word_1_11' title='bbox 719 367 803 411; x_wconf 91' lang='lat' dir='ltr'><strong>erras</strong></span> <span class='ocrx_word' id='word_1_12' title='bbox 826 351 920 427; x_wconf 90' lang='lat' dir='ltr'><strong>enirn,</strong></span> <span class='ocrx_word' id='word_1_13' title='bbox 943 353 970 412; x_wconf 93' lang='lat' dir='ltr'><strong>si</strong></span> <span class='ocrx_word' id='word_1_14' title='bbox 987 361 1075 429; x_wconf 89' lang='lat' dir='ltr'><strong>putas</strong></span> 
     </span>
     <span class='ocr_line' id='line_1_3' title="bbox 99 433 1077 512; baseline -0.003 -13"><span class='ocrx_word' id='word_1_15' title='bbox 99 440 271 500; x_wconf 83' lang='lat' dir='ltr'>animosius</span> <span class='ocrx_word' id='word_1_16' title='bbox 286 439 464 498; x_wconf 88' lang='lat' dir='ltr'><strong>detrimenta</strong></span> <span class='ocrx_word' id='word_1_17' title='bbox 485 436 593 494; x_wconf 91' lang='lat' dir='ltr'><strong>divites</strong></span> <span class='ocrx_word' id='word_1_18' title='bbox 616 436 709 494; x_wconf 82' lang='lat' dir='ltr'><strong>ferre:</strong></span> <span class='ocrx_word' id='word_1_19' title='bbox 730 433 869 494; x_wconf 89' lang='lat' dir='ltr'><strong>maximis</strong></span> <span class='ocrx_word' id='word_1_20' title='bbox 884 437 1077 512; x_wconf 85' lang='lat' dir='ltr'><strong>minimisque</strong></span> 
     </span>
     <span class='ocr_line' id='line_1_4' title="bbox 100 517 1105 598; baseline -0.001 -16"><span class='ocrx_word' id='word_1_21' title='bbox 100 522 287 598; x_wconf 85' lang='lat' dir='ltr'><strong>corporibus</strong></span> <span class='ocrx_word' id='word_1_22' title='bbox 312 537 368 596; x_wconf 92' lang='lat' dir='ltr'><strong>par</strong></span> <span class='ocrx_word' id='word_1_23' title='bbox 394 526 441 580; x_wconf 89' lang='lat' dir='ltr'><strong>est</strong></span> <span class='ocrx_word' id='word_1_24' title='bbox 463 519 551 579; x_wconf 90' lang='lat' dir='ltr'><strong>dolor</strong></span> <span class='ocrx_word' id='word_1_25' title='bbox 575 517 720 578; x_wconf 90' lang='lat' dir='ltr'><strong>volneris.</strong></span> <span class='ocrx_word' id='word_1_26' title='bbox 759 517 836 578; x_wconf 86' lang='lat' dir='ltr'><strong>Bion</strong></span> <span class='ocrx_word' id='word_1_27' title='bbox 863 520 1018 593; x_wconf 83' lang='lat' dir='ltr'>eleganter</span> <span class='ocrx_word' id='word_1_28' title='bbox 1037 521 1105 596; x_wconf 69' lang='lat' dir='ltr'><strong>aits</strong></span> 
     </span>
     <span class='ocr_line' id='line_1_5' title="bbox 100 600 1076 679; baseline -0.001 -14"><span class='ocrx_word' id='word_1_29' title='bbox 100 623 190 679; x_wconf 91' lang='lat' dir='ltr'><strong>„non</strong></span> <span class='ocrx_word' id='word_1_30' title='bbox 216 605 318 666; x_wconf 91' lang='lat' dir='ltr'><strong>minus</strong></span> <span class='ocrx_word' id='word_1_31' title='bbox 337 605 499 676; x_wconf 84' lang='lat' dir='ltr'><strong>molestum</strong></span> <span class='ocrx_word' id='word_1_32' title='bbox 520 618 592 662; x_wconf 93' lang='lat' dir='ltr'><strong>essc</strong></span> <span class='ocrx_word' id='word_1_33' title='bbox 614 600 709 660; x_wconf 82' lang='lat' dir='ltr'><strong>calvis</strong></span> <span class='ocrx_word' id='word_1_34' title='bbox 732 617 822 676; x_wconf 88' lang='lat' dir='ltr'><strong>quarn</strong></span> <span class='ocrx_word' id='word_1_35' title='bbox 844 604 971 662; x_wconf 90' lang='lat' dir='ltr'><strong>comatis</strong></span> <span class='ocrx_word' id='word_1_36' title='bbox 996 605 1076 678; x_wconf 91' lang='lat' dir='ltr'><strong>pilos</strong></span> 
     </span>
     <span class='ocr_line' id='line_1_6' title="bbox 98 685 1077 761; baseline 0.001 -15"><span class='ocrx_word' id='word_1_37' title='bbox 98 690 209 748; x_wconf 86' lang='lat' dir='ltr'><strong>velli.“</strong></span> <span class='ocrx_word' id='word_1_38' title='bbox 249 689 332 748; x_wconf 90' lang='lat' dir='ltr'><strong>ldem</strong></span> <span class='ocrx_word' id='word_1_39' title='bbox 362 688 443 748; x_wconf 90' lang='lat' dir='ltr'><strong>scias</strong></span> <span class='ocrx_word' id='word_1_40' title='bbox 472 685 544 746; x_wconf 89' lang='lat' dir='ltr'><strong>licet</strong></span> <span class='ocrx_word' id='word_1_41' title='bbox 571 685 610 745; x_wconf 91' lang='lat' dir='ltr'><strong>de</strong></span> <span class='ocrx_word' id='word_1_42' title='bbox 640 685 828 759; x_wconf 84' lang='lat' dir='ltr'><strong>pauperibus</strong></span> <span class='ocrx_word' id='word_1_43' title='bbox 856 686 1077 761; x_wconf 90' lang='lat' dir='ltr'><strong>locupletibus-</strong></span> 
     </span>
     <span class='ocr_line' id='line_1_7' title="bbox 100 769 1077 848; baseline -0.002 -16"><span class='ocrx_word' id='word_1_44' title='bbox 100 789 180 848; x_wconf 90' lang='lat' dir='ltr'><strong>que,</strong></span> <span class='ocrx_word' id='word_1_45' title='bbox 208 789 264 848; x_wconf 91' lang='lat' dir='ltr'><strong>par</strong></span> <span class='ocrx_word' id='word_1_46' title='bbox 283 771 344 832; x_wconf 94' lang='lat' dir='ltr'><strong>illis</strong></span> <span class='ocrx_word' id='word_1_47' title='bbox 365 786 437 832; x_wconf 89' lang='lat' dir='ltr'><strong>esse</strong></span> <span class='ocrx_word' id='word_1_48' title='bbox 465 777 662 830; x_wconf 84' lang='lat' dir='ltr'><strong>tormentum:</strong></span> <span class='ocrx_word' id='word_1_49' title='bbox 690 769 852 844; x_wconf 91' lang='lat' dir='ltr'><strong>utriusque</strong></span> <span class='ocrx_word' id='word_1_50' title='bbox 876 771 954 829; x_wconf 91' lang='lat' dir='ltr'><strong>enim</strong></span> <span class='ocrx_word' id='word_1_51' title='bbox 984 787 1077 846; x_wconf 90' lang='lat' dir='ltr'><strong>pecu·</strong></span> 
     </span>
     <span class='ocr_line' id='line_1_8' title="bbox 100 849 1061 928; baseline 0 -14"><span class='ocrx_word' id='word_1_52' title='bbox 100 857 151 916; x_wconf 90' lang='lat' dir='ltr'><strong>nia</strong></span> <span class='ocrx_word' id='word_1_53' title='bbox 181 873 240 915; x_wconf 91' lang='lat' dir='ltr'><strong>sua</strong></span> <span class='ocrx_word' id='word_1_54' title='bbox 268 849 408 916; x_wconf 83' lang='lat' dir='ltr'><strong>obhaesit</strong></span> <span class='ocrx_word' id='word_1_55' title='bbox 433 869 491 914; x_wconf 93' lang='lat' dir='ltr'><strong>nec</strong></span> <span class='ocrx_word' id='word_1_56' title='bbox 522 854 589 913; x_wconf 92' lang='lat' dir='ltr'><strong>sine</strong></span> <span class='ocrx_word' id='word_1_57' title='bbox 616 869 709 912; x_wconf 91' lang='lat' dir='ltr'><strong>sensu</strong></span> <span class='ocrx_word' id='word_1_58' title='bbox 734 853 839 912; x_wconf 91' lang='lat' dir='ltr'><strong>revelli</strong></span> <span class='ocrx_word' id='word_1_59' title='bbox 870 859 980 928; x_wconf 89' lang='lat' dir='ltr'><strong>potest.</strong></span> <span class='ocrx_word' id='word_1_60' title='bbox 1018 855 1061 914; x_wconf 91' lang='lat' dir='ltr'><strong>To</strong></span> 
     </span>
     <span class='ocr_line' id='line_1_9' title="bbox 100 936 1076 1012; baseline 0.001 -15"><span class='ocrx_word' id='word_1_61' title='bbox 100 939 256 1000; x_wconf 89' lang='lat' dir='ltr'><strong>lerabilius</strong></span> <span class='ocrx_word' id='word_1_62' title='bbox 272 945 371 998; x_wconf 89' lang='lat' dir='ltr'><strong>autern</strong></span> <span class='ocrx_word' id='word_1_63' title='bbox 387 944 450 1011; x_wconf 92' lang='lat' dir='ltr'><strong>est,</strong></span> <span class='ocrx_word' id='word_1_64' title='bbox 472 946 505 998; x_wconf 91' lang='lat' dir='ltr'><strong>ut</strong></span> <span class='ocrx_word' id='word_1_65' title='bbox 525 936 604 1010; x_wconf 85' lang='lat' dir='ltr'><strong>dixi,</strong></span> <span class='ocrx_word' id='word_1_66' title='bbox 627 937 808 1011; x_wconf 79' lang='lat' dir='ltr'><strong>faciliusque</strong></span> <span class='ocrx_word' id='word_1_67' title='bbox 830 953 891 996; x_wconf 94' lang='lat' dir='ltr'><strong>non</strong></span> <span class='ocrx_word' id='word_1_68' title='bbox 913 937 1076 1012; x_wconf 81' lang='lat' dir='ltr'><strong>adquirere</strong></span> 
     </span>
     <span class='ocr_line' id='line_1_10' title="bbox 99 1020 1076 1097; baseline 0 -15"><span class='ocrx_word' id='word_1_69' title='bbox 99 1038 192 1096; x_wconf 85' lang='lat' dir='ltr'><strong>quarn</strong></span> <span class='ocrx_word' id='word_1_70' title='bbox 209 1023 358 1096; x_wconf 87' lang='lat' dir='ltr'><strong>amittere,</strong></span> <span class='ocrx_word' id='word_1_71' title='bbox 374 1022 507 1095; x_wconf 90' lang='lat' dir='ltr'><strong>ideoque</strong></span> <span class='ocrx_word' id='word_1_72' title='bbox 521 1020 665 1080; x_wconf 74' lang='lat' dir='ltr'><strong>laetiores</strong></span> <span class='ocrx_word' id='word_1_73' title='bbox 680 1020 798 1081; x_wconf 88' lang='lat' dir='ltr'><strong>videbis</strong></span> <span class='ocrx_word' id='word_1_74' title='bbox 815 1037 895 1095; x_wconf 91' lang='lat' dir='ltr'><strong>quos</strong></span> <span class='ocrx_word' id='word_1_75' title='bbox 910 1038 1076 1097; x_wconf 88' lang='lat' dir='ltr'><strong>numquam</strong></span> 
     </span>
     <span class='ocr_line' id='line_1_11' title="bbox 99 1104 1105 1180; baseline 0 -16"><span class='ocrx_word' id='word_1_76' title='bbox 99 1108 225 1165; x_wconf 88' lang='lat' dir='ltr'><strong>fortuna</strong></span> <span class='ocrx_word' id='word_1_77' title='bbox 239 1106 392 1180; x_wconf 88' lang='lat' dir='ltr'><strong>respexit,</strong></span> <span class='ocrx_word' id='word_1_78' title='bbox 416 1121 506 1180; x_wconf 92' lang='lat' dir='ltr'><strong>quam</strong></span> <span class='ocrx_word' id='word_1_79' title='bbox 523 1121 602 1178; x_wconf 92' lang='lat' dir='ltr'><strong>quos</strong></span> <span class='ocrx_word' id='word_1_80' title='bbox 619 1104 763 1162; x_wconf 88' lang='lat' dir='ltr'><strong>deseruit.</strong></span> <span class='ocrx_word' id='word_1_81' title='bbox 792 1105 876 1164; x_wconf 92' lang='lat' dir='ltr'><strong>Vidit</strong></span> <span class='ocrx_word' id='word_1_82' title='bbox 890 1104 951 1166; x_wconf 92' lang='lat' dir='ltr'><strong>hoc</strong></span> <span class='ocrx_word' id='word_1_83' title='bbox 964 1105 1074 1180; x_wconf 89' lang='lat' dir='ltr'><strong>Dioge·</strong></span> <span class='ocrx_word' id='word_1_84' title='bbox 1087 1123 1105 1179; x_wconf 86' lang='lat'>4</span> 
     </span>
     <span class='ocr_line' id='line_1_12' title="bbox 98 1186 1075 1264; baseline 0 -16"><span class='ocrx_word' id='word_1_85' title='bbox 98 1205 172 1264; x_wconf 90' lang='lat' dir='ltr'><strong>nes,</strong></span> <span class='ocrx_word' id='word_1_86' title='bbox 190 1188 236 1248; x_wconf 94' lang='lat' dir='ltr'><strong>vir</strong></span> <span class='ocrx_word' id='word_1_87' title='bbox 251 1189 380 1264; x_wconf 88' lang='lat' dir='ltr'><strong>ingentis</strong></span> <span class='ocrx_word' id='word_1_88' title='bbox 393 1189 498 1262; x_wconf 89' lang='lat' dir='ltr'><strong>animi,</strong></span> <span class='ocrx_word' id='word_1_89' title='bbox 515 1197 545 1247; x_wconf 91' lang='lat' dir='ltr'><strong>et</strong></span> <span class='ocrx_word' id='word_1_90' title='bbox 558 1186 674 1260; x_wconf 88' lang='lat' dir='ltr'><strong>effecit,</strong></span> <span class='ocrx_word' id='word_1_91' title='bbox 695 1203 734 1246; x_wconf 92' lang='lat' dir='ltr'><strong>ne</strong></span> <span class='ocrx_word' id='word_1_92' title='bbox 750 1187 824 1262; x_wconf 92' lang='lat' dir='ltr'><strong>quid</strong></span> <span class='ocrx_word' id='word_1_93' title='bbox 840 1189 898 1248; x_wconf 91' lang='lat' dir='ltr'><strong>sibi</strong></span> <span class='ocrx_word' id='word_1_94' title='bbox 913 1189 990 1263; x_wconf 91' lang='lat' dir='ltr'><strong>cripi</strong></span> <span class='ocrx_word' id='word_1_95' title='bbox 1002 1205 1075 1264; x_wconf 92' lang='lat' dir='ltr'><strong>pos-</strong></span> 
     </span>
     <span class='ocr_line' id='line_1_13' title="bbox 99 1269 1076 1348; baseline 0 -16"><span class='ocrx_word' id='word_1_96' title='bbox 99 1281 156 1333; x_wconf 91' lang='lat' dir='ltr'><strong>set.</strong></span> <span class='ocrx_word' id='word_1_97' title='bbox 174 1280 208 1333; x_wconf 92' lang='lat' dir='ltr'><strong>tu</strong></span> <span class='ocrx_word' id='word_1_98' title='bbox 220 1274 301 1334; x_wconf 90' lang='lat' dir='ltr'><strong>istud</strong></span> <span class='ocrx_word' id='word_1_99' title='bbox 314 1280 538 1348; x_wconf 76' lang='lat' dir='ltr'><strong>paupertatem,</strong></span> <span class='ocrx_word' id='word_1_100' title='bbox 550 1269 699 1344; x_wconf 91' lang='lat' dir='ltr'><strong>inopiam,</strong></span> <span class='ocrx_word' id='word_1_101' title='bbox 712 1278 878 1345; x_wconf 77' lang='lat' dir='ltr'><strong>egestatem</strong></span> <span class='ocrx_word' id='word_1_102' title='bbox 890 1289 977 1348; x_wconf 92' lang='lat' dir='ltr'><strong>voca,</strong></span> <span class='ocrx_word' id='word_1_103' title='bbox 993 1273 1076 1348; x_wconf 90' lang='lat' dir='ltr'><strong>quod</strong></span> 
     </span>
     <span class='ocr_line' id='line_1_14' title="bbox 97 1354 1075 1432; baseline 0.001 -18"><span class='ocrx_word' id='word_1_104' title='bbox 97 1358 187 1418; x_wconf 91' lang='lat' dir='ltr'><strong>voles</strong></span> <span class='ocrx_word' id='word_1_105' title='bbox 220 1356 454 1432; x_wconf 90' lang='lat' dir='ltr'><strong>ignominiosum</strong></span> <span class='ocrx_word' id='word_1_106' title='bbox 485 1354 638 1415; x_wconf 90' lang='lat' dir='ltr'><strong>securitati</strong></span> <span class='ocrx_word' id='word_1_107' title='bbox 664 1370 774 1414; x_wconf 87' lang='lat' dir='ltr'><strong>nornen</strong></span> <span class='ocrx_word' id='word_1_108' title='bbox 800 1357 928 1430; x_wconf 85' lang='lat' dir='ltr'><strong>inpone:</strong></span> <span class='ocrx_word' id='word_1_109' title='bbox 961 1355 1075 1430; x_wconf 90' lang='lat' dir='ltr'><strong>putabo</strong></span> 
     </span>
     <span class='ocr_line' id='line_1_15' title="bbox 97 1436 1076 1514; baseline -0.002 -14"><span class='ocrx_word' id='word_1_110' title='bbox 97 1441 180 1500; x_wconf 93' lang='lat' dir='ltr'><strong>hunc</strong></span> <span class='ocrx_word' id='word_1_111' title='bbox 195 1457 258 1501; x_wconf 90' lang='lat' dir='ltr'><strong>non</strong></span> <span class='ocrx_word' id='word_1_112' title='bbox 273 1455 345 1500; x_wconf 89' lang='lat' dir='ltr'><strong>esse</strong></span> <span class='ocrx_word' id='word_1_113' title='bbox 358 1440 491 1512; x_wconf 91' lang='lat' dir='ltr'><strong>felicem,</strong></span> <span class='ocrx_word' id='word_1_114' title='bbox 507 1436 534 1498; x_wconf 80' lang='lat' dir='ltr'><strong>&#39;si</strong></span> <span class='ocrx_word' id='word_1_115' title='bbox 547 1453 638 1514; x_wconf 91' lang='lat' dir='ltr'><strong>quem</strong></span> <span class='ocrx_word' id='word_1_116' title='bbox 649 1437 723 1498; x_wconf 92' lang='lat' dir='ltr'><strong>mihi</strong></span> <span class='ocrx_word' id='word_1_117' title='bbox 737 1439 827 1498; x_wconf 89' lang='lat' dir='ltr'><strong>aliurn</strong></span> <span class='ocrx_word' id='word_1_118' title='bbox 842 1440 1009 1514; x_wconf 89' lang='lat' dir='ltr'><strong>inveneris,</strong></span> <span class='ocrx_word' id='word_1_119' title='bbox 1027 1439 1076 1498; x_wconf 91' lang='lat' dir='ltr'><strong>cui</strong></span> 
     </span>
     <span class='ocr_line' id='line_1_16' title="bbox 98 1523 1074 1598; baseline -0.001 -16"><span class='ocrx_word' id='word_1_120' title='bbox 98 1523 174 1585; x_wconf 90' lang='lat' dir='ltr'><strong>nihil</strong></span> <span class='ocrx_word' id='word_1_121' title='bbox 191 1531 304 1598; x_wconf 89' lang='lat' dir='ltr'><strong>pereat.</strong></span> <span class='ocrx_word' id='word_1_122' title='bbox 323 1531 386 1586; x_wconf 77' lang='lat' dir='ltr'><strong>¹aut</strong></span> <span class='ocrx_word' id='word_1_123' title='bbox 398 1538 456 1597; x_wconf 89' lang='lat' dir='ltr'><strong>ego</strong></span> <span class='ocrx_word' id='word_1_124' title='bbox 470 1523 573 1596; x_wconf 91' lang='lat' dir='ltr'><strong>fallor,</strong></span> <span class='ocrx_word' id='word_1_125' title='bbox 595 1529 646 1582; x_wconf 90' lang='lat' dir='ltr'><strong>aut</strong></span> <span class='ocrx_word' id='word_1_126' title='bbox 658 1538 787 1597; x_wconf 87' lang='lat' dir='ltr'><strong>regnum</strong></span> <span class='ocrx_word' id='word_1_127' title='bbox 802 1531 849 1582; x_wconf 92' lang='lat' dir='ltr'><strong>est</strong></span> <span class='ocrx_word' id='word_1_128' title='bbox 863 1524 940 1582; x_wconf 90' lang='lat' dir='ltr'><strong>inter</strong></span> <span class='ocrx_word' id='word_1_129' title='bbox 955 1538 1074 1596; x_wconf 87' lang='lat' dir='ltr'><strong>avaros,</strong></span> 
     </span>
     <span class='ocr_line' id='line_1_17' title="bbox 101 1606 1076 1682; baseline -0.002 -16"><span class='ocrx_word' id='word_1_130' title='bbox 101 1607 402 1682; x_wconf 83' lang='lat' dir='ltr'><strong>circumscriptores,</strong></span> <span class='ocrx_word' id='word_1_131' title='bbox 428 1608 578 1677; x_wconf 89' lang='lat' dir='ltr'><strong>latrones,</strong></span> <span class='ocrx_word' id='word_1_132' title='bbox 605 1606 771 1681; x_wconf 80' lang='lat' dir='ltr'><strong>plagiarios</strong></span> <span class='ocrx_word' id='word_1_133' title='bbox 796 1623 890 1666; x_wconf 92' lang='lat' dir='ltr'><strong>unum</strong></span> <span class='ocrx_word' id='word_1_134' title='bbox 915 1622 999 1680; x_wconf 90' lang='lat' dir='ltr'><strong>esse,</strong></span> <span class='ocrx_word' id='word_1_135' title='bbox 1026 1606 1076 1665; x_wconf 93' lang='lat' dir='ltr'><strong>cui</strong></span> 
     </span>
     <span class='ocr_line' id='line_1_18' title="bbox 98 1689 1103 1766; baseline -0.001 -17"><span class='ocrx_word' id='word_1_136' title='bbox 98 1690 206 1752; x_wconf 89' lang='lat' dir='ltr'><strong>noceri</strong></span> <span class='ocrx_word' id='word_1_137' title='bbox 225 1707 287 1750; x_wconf 91' lang='lat' dir='ltr'><strong>non</strong></span> <span class='ocrx_word' id='word_1_138' title='bbox 302 1691 411 1766; x_wconf 90' lang='lat' dir='ltr'><strong>possit.</strong></span> <span class='ocrx_word' id='word_1_139' title='bbox 440 1689 471 1749; x_wconf 93' lang='lat' dir='ltr'><strong>Si</strong></span> <span class='ocrx_word' id='word_1_140' title='bbox 494 1690 562 1764; x_wconf 93' lang='lat' dir='ltr'><strong>quis</strong></span> <span class='ocrx_word' id='word_1_141' title='bbox 579 1690 617 1748; x_wconf 90' lang='lat' dir='ltr'><strong>de</strong></span> <span class='ocrx_word' id='word_1_142' title='bbox 631 1689 774 1749; x_wconf 89' lang='lat' dir='ltr'><strong>felicitate</strong></span> <span class='ocrx_word' id='word_1_143' title='bbox 788 1689 934 1764; x_wconf 86' lang='lat' dir='ltr'><strong>Diogenis</strong></span> <span class='ocrx_word' id='word_1_144' title='bbox 951 1691 1103 1764; x_wconf 85' lang='lat' dir='ltr'><strong>dubitat,5</strong></span> 
     </span>
     <span class='ocr_line' id='line_1_19' title="bbox 99 1773 1076 1849; baseline -0.003 -15"><span class='ocrx_word' id='word_1_145' title='bbox 99 1781 203 1849; x_wconf 87' lang='lat' dir='ltr'><strong>potest</strong></span> <span class='ocrx_word' id='word_1_146' title='bbox 219 1774 453 1834; x_wconf 83' lang='lat' dir='ltr'><strong>idem‘dubitare</strong></span> <span class='ocrx_word' id='word_1_147' title='bbox 468 1781 498 1832; x_wconf 91' lang='lat' dir='ltr'><strong>et</strong></span> <span class='ocrx_word' id='word_1_148' title='bbox 513 1773 551 1832; x_wconf 88' lang='lat' dir='ltr'><strong>de</strong></span> <span class='ocrx_word' id='word_1_149' title='bbox 567 1773 693 1832; x_wconf 92' lang='lat' dir='ltr'><strong>deorum</strong></span> <span class='ocrx_word' id='word_1_150' title='bbox 709 1773 911 1834; x_wconf 90' lang='lat' dir='ltr'><strong>inmortalium</strong></span> <span class='ocrx_word' id='word_1_151' title='bbox 926 1781 1020 1844; x_wconf 90' lang='lat' dir='ltr'><strong>statu,</strong></span> <span class='ocrx_word' id='word_1_152' title='bbox 1038 1789 1076 1832; x_wconf 88' lang='lat' dir='ltr'><strong>an</strong></span> 
     </span>
     <span class='ocr_line' id='line_1_20' title="bbox 98 1855 1076 1932; baseline -0.002 -15"><span class='ocrx_word' id='word_1_153' title='bbox 98 1875 210 1932; x_wconf 88' lang='lat' dir='ltr'><strong>parurn</strong></span> <span class='ocrx_word' id='word_1_154' title='bbox 233 1858 323 1917; x_wconf 91' lang='lat' dir='ltr'><strong>beate</strong></span> <span class='ocrx_word' id='word_1_155' title='bbox 348 1858 475 1932; x_wconf 88' lang='lat' dir='ltr'><strong>degant,</strong></span> <span class='ocrx_word' id='word_1_156' title='bbox 504 1857 588 1931; x_wconf 94' lang='lat' dir='ltr'><strong>quod</strong></span> <span class='ocrx_word' id='word_1_157' title='bbox 612 1857 672 1916; x_wconf 92' lang='lat' dir='ltr'><strong>illis</strong></span> <span class='ocrx_word' id='word_1_158' title='bbox 693 1871 750 1915; x_wconf 90' lang='lat' dir='ltr'><strong>nec</strong></span> <span class='ocrx_word' id='word_1_159' title='bbox 771 1857 897 1931; x_wconf 89' lang='lat' dir='ltr'><strong>praedia</strong></span> <span class='ocrx_word' id='word_1_160' title='bbox 917 1872 975 1916; x_wconf 91' lang='lat' dir='ltr'><strong>nec</strong></span> <span class='ocrx_word' id='word_1_161' title='bbox 996 1855 1076 1916; x_wconf 91' lang='lat' dir='ltr'><strong>horti</strong></span> 
     </span>
     <span class='ocr_line' id='line_1_21' title="bbox 100 1940 1075 2015; baseline -0.003 -14"><span class='ocrx_word' id='word_1_162' title='bbox 100 1943 161 2002; x_wconf 91' lang='lat' dir='ltr'><strong>sint</strong></span> <span class='ocrx_word' id='word_1_163' title='bbox 183 1957 241 2002; x_wconf 91' lang='lat' dir='ltr'><strong>nec</strong></span> <span class='ocrx_word' id='word_1_164' title='bbox 262 1942 361 2001; x_wconf 90' lang='lat' dir='ltr'><strong>alieno</strong></span> <span class='ocrx_word' id='word_1_165' title='bbox 383 1941 492 2000; x_wconf 90' lang='lat' dir='ltr'><strong>colono</strong></span> <span class='ocrx_word' id='word_1_166' title='bbox 514 1956 585 2000; x_wconf 91' lang='lat' dir='ltr'><strong>rura</strong></span> <span class='ocrx_word' id='word_1_167' title='bbox 601 1940 737 2014; x_wconf 87' lang='lat' dir='ltr'><strong>pretiosa</strong></span> <span class='ocrx_word' id='word_1_168' title='bbox 752 1955 808 1998; x_wconf 91' lang='lat' dir='ltr'><strong>nec</strong></span> <span class='ocrx_word' id='word_1_169' title='bbox 824 1940 941 2015; x_wconf 87' lang='lat' dir='ltr'><strong>grande</strong></span> <span class='ocrx_word' id='word_1_170' title='bbox 962 1941 991 1998; x_wconf 92' lang='lat' dir='ltr'><strong>in</strong></span> <span class='ocrx_word' id='word_1_171' title='bbox 1008 1941 1075 2000; x_wconf 90' lang='lat' dir='ltr'><strong>foro</strong></span> 
     </span>
     <span class='ocr_line' id='line_1_22' title="bbox 99 2021 1177 2100; baseline -0.001 -18"><span class='ocrx_word' id='word_1_172' title='bbox 99 2027 201 2086; x_wconf 89' lang='lat' dir='ltr'><strong>fenus.</strong></span> <span class='ocrx_word' id='word_1_173' title='bbox 230 2041 291 2086; x_wconf 90' lang='lat' dir='ltr'><strong>non</strong></span> <span class='ocrx_word' id='word_1_174' title='bbox 306 2031 336 2084; x_wconf 91' lang='lat' dir='ltr'><strong>te</strong></span> <span class='ocrx_word' id='word_1_175' title='bbox 352 2025 460 2100; x_wconf 91' lang='lat' dir='ltr'><strong>pudet,</strong></span> <span class='ocrx_word' id='word_1_176' title='bbox 477 2023 618 2098; x_wconf 91' lang='lat' dir='ltr'><strong>quisquis</strong></span> <span class='ocrx_word' id='word_1_177' title='bbox 634 2021 747 2084; x_wconf 89' lang='lat' dir='ltr'><strong>divitiis</strong></span> <span class='ocrx_word' id='word_1_178' title='bbox 762 2023 933 2098; x_wconf 76' lang='lat' dir='ltr'><strong>adstupes?</strong></span> <span class='ocrx_word' id='word_1_179' title='bbox 953 2024 1075 2098; x_wconf 89' lang='lat' dir='ltr'><strong>respice</strong></span> <span class='ocrx_word' id='word_1_180' title='bbox 1173 2039 1177 2044; x_wconf 90' lang='lat'>·</span> 
     </span>
     <span class='ocr_line' id='line_1_23' title="bbox 99 2105 1074 2182; baseline -0.002 -15"><span class='ocrx_word' id='word_1_181' title='bbox 99 2108 231 2182; x_wconf 89' lang='lat' dir='ltr'><strong>agedum</strong></span> <span class='ocrx_word' id='word_1_182' title='bbox 246 2109 408 2168; x_wconf 83' lang='lat' dir='ltr'><strong>mundum:</strong></span> <span class='ocrx_word' id='word_1_183' title='bbox 425 2109 524 2168; x_wconf 93' lang='lat' dir='ltr'><strong>nudos</strong></span> <span class='ocrx_word' id='word_1_184' title='bbox 540 2106 660 2167; x_wconf 90' lang='lat' dir='ltr'><strong>videbis</strong></span> <span class='ocrx_word' id='word_1_185' title='bbox 676 2108 770 2180; x_wconf 88' lang='lat' dir='ltr'><strong>deos,</strong></span> <span class='ocrx_word' id='word_1_186' title='bbox 787 2107 888 2167; x_wconf 91' lang='lat' dir='ltr'><strong>omnia</strong></span> <span class='ocrx_word' id='word_1_187' title='bbox 903 2108 1011 2167; x_wconf 90' lang='lat' dir='ltr'><strong>dantes</strong></span> <span class='ocrx_word' id='word_1_188' title='bbox 1030 2105 1074 2165; x_wconf 92' lang='lat' dir='ltr'><strong>ni-</strong></span> 
     </span>
     <span class='ocr_line' id='line_1_24' title="bbox 100 2191 1074 2265; baseline -0.001 -17"><span class='ocrx_word' id='word_1_189' title='bbox 100 2192 141 2249; x_wconf 93' lang='lat' dir='ltr'><strong>nil</strong></span> <span class='ocrx_word' id='word_1_190' title='bbox 156 2191 314 2252; x_wconf 88' lang='lat' dir='ltr'><strong>habentes.</strong></span> <span class='ocrx_word' id='word_1_191' title='bbox 344 2192 431 2251; x_wconf 90' lang='lat' dir='ltr'><strong>Hunc</strong></span> <span class='ocrx_word' id='word_1_192' title='bbox 446 2199 478 2252; x_wconf 94' lang='lat' dir='ltr'><strong>tu</strong></span> <span class='ocrx_word' id='word_1_193' title='bbox 494 2206 660 2265; x_wconf 91' lang='lat' dir='ltr'><strong>pauperem</strong></span> <span class='ocrx_word' id='word_1_194' title='bbox 675 2198 764 2265; x_wconf 92' lang='lat' dir='ltr'><strong>putas</strong></span> <span class='ocrx_word' id='word_1_195' title='bbox 780 2209 818 2250; x_wconf 91' lang='lat' dir='ltr'><strong>an</strong></span> <span class='ocrx_word' id='word_1_196' title='bbox 835 2193 883 2252; x_wconf 93' lang='lat' dir='ltr'><strong>dis</strong></span> <span class='ocrx_word' id='word_1_197' title='bbox 901 2191 1074 2252; x_wconf 89' lang='lat' dir='ltr'><strong>immortali-</strong></span> 
     </span>
     <span class='ocr_line' id='line_1_25' title="bbox 99 2274 1103 2353; baseline -0.001 -19"><span class='ocrx_word' id='word_1_198' title='bbox 99 2275 158 2334; x_wconf 90' lang='lat' dir='ltr'><strong>bus</strong></span> <span class='ocrx_word' id='word_1_199' title='bbox 175 2276 318 2348; x_wconf 89' lang='lat' dir='ltr'><strong>similem,</strong></span> <span class='ocrx_word' id='word_1_200' title='bbox 341 2275 392 2349; x_wconf 93' lang='lat' dir='ltr'><strong>qui</strong></span> <span class='ocrx_word' id='word_1_201' title='bbox 407 2291 442 2334; x_wconf 92' lang='lat' dir='ltr'><strong>se</strong></span> <span class='ocrx_word' id='word_1_202' title='bbox 457 2274 587 2334; x_wconf 82' lang='lat' dir='ltr'><strong>fortuitis</strong></span> <span class='ocrx_word' id='word_1_203' title='bbox 603 2275 744 2353; x_wconf 88' lang='lat' dir='ltr'><strong>omnibus</strong></span> <span class='ocrx_word' id='word_1_204' title='bbox 759 2276 863 2334; x_wconf 78' lang='lat' dir='ltr'><strong>exulta</strong></span> <span class='ocrx_word' id='word_1_205' title='bbox 895 2275 1103 2342; x_wconf 75' lang='lat' dir='ltr'><strong>Felicioremfi</strong></span> 
     </span>
     <span class='ocr_line' id='line_1_26' title="bbox 99 2357 1075 2434; baseline -0.001 -18"><span class='ocrx_word' id='word_1_206' title='bbox 99 2366 132 2417; x_wconf 90' lang='lat' dir='ltr'><strong>tu</strong></span> <span class='ocrx_word' id='word_1_207' title='bbox 147 2359 331 2418; x_wconf 89' lang='lat' dir='ltr'><strong>Demetrium</strong></span> <span class='ocrx_word' id='word_1_208' title='bbox 345 2357 563 2433; x_wconf 89' lang='lat' dir='ltr'><strong>Pompeianum</strong></span> <span class='ocrx_word' id='word_1_209' title='bbox 582 2374 694 2430; x_wconf 92' lang='lat' dir='ltr'><strong>vocas,</strong></span> <span class='ocrx_word' id='word_1_210' title='bbox 718 2375 809 2432; x_wconf 89' lang='lat' dir='ltr'><strong>quern</strong></span> <span class='ocrx_word' id='word_1_211' title='bbox 829 2375 891 2419; x_wconf 92' lang='lat' dir='ltr'><strong>non</strong></span> <span class='ocrx_word' id='word_1_212' title='bbox 908 2359 1017 2434; x_wconf 91' lang='lat' dir='ltr'><strong>puduit</strong></span> <span class='ocrx_word' id='word_1_213' title='bbox 1030 2359 1075 2416; x_wconf 88' lang='lat' dir='ltr'><strong>lo-</strong></span> 
     </span>
     <span class='ocr_line' id='line_1_27' title="bbox 100 2441 1074 2516; baseline 0.001 -16"><span class='ocrx_word' id='word_1_214' title='bbox 100 2442 299 2516; x_wconf 89' lang='lat' dir='ltr'><strong>cupletiorem</strong></span> <span class='ocrx_word' id='word_1_215' title='bbox 320 2457 392 2502; x_wconf 92' lang='lat' dir='ltr'><strong>esse</strong></span> <span class='ocrx_word' id='word_1_216' title='bbox 412 2441 580 2516; x_wconf 82' lang='lat' dir='ltr'><strong>Pompeiot</strong></span> <span class='ocrx_word' id='word_1_217' title='bbox 607 2457 752 2501; x_wconf 90' lang='lat' dir='ltr'><strong>numerus</strong></span> <span class='ocrx_word' id='word_1_218' title='bbox 774 2443 815 2502; x_wconf 93' lang='lat' dir='ltr'><strong>illi</strong></span> <span class='ocrx_word' id='word_1_219' title='bbox 837 2443 948 2503; x_wconf 91' lang='lat' dir='ltr'><strong>cotidie</strong></span> <span class='ocrx_word' id='word_1_220' title='bbox 969 2457 1074 2501; x_wconf 89' lang='lat' dir='ltr'><strong>servo·</strong></span> 
     </span>
     <span class='ocr_line' id='line_1_28' title="bbox 98 2524 1075 2601; baseline -0.001 -18"><span class='ocrx_word' id='word_1_221' title='bbox 98 2539 167 2584; x_wconf 82' lang='lat' dir='ltr'><strong>runt</strong></span> <span class='ocrx_word' id='word_1_222' title='bbox 188 2526 271 2586; x_wconf 90' lang='lat' dir='ltr'><strong>velut</strong></span> <span class='ocrx_word' id='word_1_223' title='bbox 291 2526 466 2601; x_wconf 88' lang='lat' dir='ltr'><strong>imperatori</strong></span> <span class='ocrx_word' id='word_1_224' title='bbox 481 2524 633 2586; x_wconf 89' lang='lat' dir='ltr'><strong>exercitus</strong></span> <span class='ocrx_word' id='word_1_225' title='bbox 648 2525 851 2597; x_wconf 89' lang='lat' dir='ltr'><strong>relerebatur‚</strong></span> <span class='ocrx_word' id='word_1_226' title='bbox 875 2526 923 2584; x_wconf 92' lang='lat' dir='ltr'><strong>cui</strong></span> <span class='ocrx_word' id='word_1_227' title='bbox 943 2524 1002 2583; x_wconf 88' lang='lat' dir='ltr'><strong>iarn</strong></span> <span class='ocrx_word' id='word_1_228' title='bbox 1019 2525 1075 2582; x_wconf 93' lang='lat' dir='ltr'><strong>du-</strong></span> 
     </span>
     <span class='ocr_line' id='line_1_29' title="bbox 100 2606 1073 2670; baseline -0.003 -4"><span class='ocrx_word' id='word_1_229' title='bbox 100 2609 173 2668; x_wconf 83' lang='lat' dir='ltr'><strong>dunt</strong></span> <span class='ocrx_word' id='word_1_230' title='bbox 190 2606 313 2668; x_wconf 89' lang='lat' dir='ltr'><strong>divitiae</strong></span> <span class='ocrx_word' id='word_1_231' title='bbox 334 2625 406 2670; x_wconf 91' lang='lat' dir='ltr'><strong>csse</strong></span> <span class='ocrx_word' id='word_1_232' title='bbox 427 2609 596 2669; x_wconf 88' lang='lat' dir='ltr'><strong>debuerant</strong></span> <span class='ocrx_word' id='word_1_233' title='bbox 616 2609 677 2668; x_wconf 94' lang='lat' dir='ltr'><strong>duo</strong></span> <span class='ocrx_word' id='word_1_234' title='bbox 698 2607 805 2667; x_wconf 89' lang='lat' dir='ltr'><strong>vicarii</strong></span> <span class='ocrx_word' id='word_1_235' title='bbox 825 2616 855 2667; x_wconf 91' lang='lat' dir='ltr'><strong>et</strong></span> <span class='ocrx_word' id='word_1_236' title='bbox 876 2609 951 2666; x_wconf 88' lang='lat' dir='ltr'><strong>cella</strong></span> <span class='ocrx_word' id='word_1_237' title='bbox 966 2607 1073 2666; x_wconf 87' lang='lat' dir='ltr'><strong>laxior.</strong></span> 
     </span>
     <span class='ocr_line' id='line_1_30' title="bbox 99 2691 1101 2768; baseline 0.003 -18"><span class='ocrx_word' id='word_1_238' title='bbox 99 2694 142 2750; x_wconf 92' lang='lat' dir='ltr'><strong>At</strong></span> <span class='ocrx_word' id='word_1_239' title='bbox 154 2691 283 2766; x_wconf 90' lang='lat' dir='ltr'><strong>Diogeni</strong></span> <span class='ocrx_word' id='word_1_240' title='bbox 305 2708 415 2752; x_wconf 89' lang='lat' dir='ltr'><strong>servus</strong></span> <span class='ocrx_word' id='word_1_241' title='bbox 435 2692 544 2752; x_wconf 90' lang='lat' dir='ltr'><strong>unicus</strong></span> <span class='ocrx_word' id='word_1_242' title='bbox 566 2693 643 2768; x_wconf 91' lang='lat' dir='ltr'><strong>fugit</strong></span> <span class='ocrx_word' id='word_1_243' title='bbox 657 2707 713 2750; x_wconf 92' lang='lat' dir='ltr'><strong>nec</strong></span> <span class='ocrx_word' id='word_1_244' title='bbox 729 2707 797 2750; x_wconf 87' lang='lat' dir='ltr'><strong>eurn</strong></span> <span class='ocrx_word' id='word_1_245' title='bbox 811 2692 980 2763; x_wconf 86' lang='lat' dir='ltr'><strong>reducere,</strong></span> <span class='ocrx_word' id='word_1_246' title='bbox 1006 2697 1101 2753; x_wconf 86' lang='lat' dir='ltr'><strong>cumt</strong></span> 
     </span>
     <span class='ocr_line' id='line_1_31' title="bbox 100 2773 1073 2850; baseline 0.001 -19"><span class='ocrx_word' id='word_1_247' title='bbox 100 2783 336 2850; x_wconf 90' lang='lat' dir='ltr'><strong>monstraretur,</strong></span> <span class='ocrx_word' id='word_1_248' title='bbox 357 2777 429 2836; x_wconf 89' lang='lat' dir='ltr'><strong>tanti</strong></span> <span class='ocrx_word' id='word_1_249' title='bbox 452 2777 578 2850; x_wconf 91' lang='lat' dir='ltr'><strong>putavit.</strong></span> <span class='ocrx_word' id='word_1_250' title='bbox 606 2777 732 2850; x_wconf 90' lang='lat' dir='ltr'><strong>„Turpe</strong></span> <span class='ocrx_word' id='word_1_251' title='bbox 748 2783 809 2848; x_wconf 90' lang='lat' dir='ltr'><strong>est,</strong></span> <span class='ocrx_word' id='word_1_252' title='bbox 831 2774 942 2850; x_wconf 92' lang='lat' dir='ltr'><strong>inquit,</strong></span> <span class='ocrx_word' id='word_1_253' title='bbox 963 2773 1073 2834; x_wconf 91' lang='lat' dir='ltr'><strong>Manen</strong></span> 
     </span>
     <span class='ocr_line' id='line_1_32' title="bbox 101 2857 1074 2935; baseline 0 -19"><span class='ocrx_word' id='word_1_254' title='bbox 101 2859 168 2917; x_wconf 92' lang='lat' dir='ltr'><strong>sine</strong></span> <span class='ocrx_word' id='word_1_255' title='bbox 193 2858 330 2935; x_wconf 88' lang='lat' dir='ltr'><strong>Diogene</strong></span> <span class='ocrx_word' id='word_1_256' title='bbox 356 2875 451 2934; x_wconf 90' lang='lat' dir='ltr'><strong>posse</strong></span> <span class='ocrx_word' id='word_1_257' title='bbox 475 2858 595 2932; x_wconf 92' lang='lat' dir='ltr'><strong>vivere,</strong></span> <span class='ocrx_word' id='word_1_258' title='bbox 619 2859 775 2934; x_wconf 90' lang='lat' dir='ltr'><strong>Diogenen</strong></span> <span class='ocrx_word' id='word_1_259' title='bbox 802 2857 869 2919; x_wconf 89' lang='lat' dir='ltr'><strong>s&#39;ine</strong></span> <span class='ocrx_word' id='word_1_260' title='bbox 896 2858 987 2918; x_wconf 90' lang='lat' dir='ltr'><strong>Mane</strong></span> <span class='ocrx_word' id='word_1_261' title='bbox 1012 2875 1074 2917; x_wconf 92' lang='lat' dir='ltr'><strong>non</strong></span> 
     </span>
     <span class='ocr_line' id='line_1_33' title="bbox 103 2942 1074 3017; baseline -0.001 -16"><span class='ocrx_word' id='word_1_262' title='bbox 103 2948 231 3016; x_wconf 90' lang='lat' dir='ltr'><strong>posse.“</strong></span> <span class='ocrx_word' id='word_1_263' title='bbox 271 2943 401 3002; x_wconf 92' lang='lat' dir='ltr'><strong>Videtur</strong></span> <span class='ocrx_word' id='word_1_264' title='bbox 426 2942 496 3002; x_wconf 92' lang='lat' dir='ltr'><strong>mihi</strong></span> <span class='ocrx_word' id='word_1_265' title='bbox 524 2942 657 3003; x_wconf 82' lang='lat' dir='ltr'><strong>dixisse:</strong></span> <span class='ocrx_word' id='word_1_266' title='bbox 692 2959 776 3017; x_wconf 87' lang='lat' dir='ltr'><strong>„age</strong></span> <span class='ocrx_word' id='word_1_267' title='bbox 801 2951 885 3003; x_wconf 91' lang='lat' dir='ltr'><strong>tuum</strong></span> <span class='ocrx_word' id='word_1_268' title='bbox 910 2942 1074 3016; x_wconf 90' lang='lat' dir='ltr'><strong>negotium,</strong></span> 
     </span>
     <span class='ocr_line' id='line_1_34' title="bbox 101 3025 1074 3102; baseline 0 -19"><span class='ocrx_word' id='word_1_269' title='bbox 101 3027 232 3086; x_wconf 87' lang='lat' dir='ltr'><strong>fortuna.</strong></span> <span class='ocrx_word' id='word_1_270' title='bbox 254 3027 327 3086; x_wconf 89' lang='lat' dir='ltr'><strong>nihil</strong></span> <span class='ocrx_word' id='word_1_271' title='bbox 343 3027 424 3101; x_wconf 92' lang='lat' dir='ltr'><strong>apud</strong></span> <span class='ocrx_word' id='word_1_272' title='bbox 436 3025 594 3102; x_wconf 90' lang='lat' dir='ltr'><strong>Diogenen</strong></span> <span class='ocrx_word' id='word_1_273' title='bbox 611 3027 669 3086; x_wconf 90' lang='lat' dir='ltr'><strong>iarn</strong></span> <span class='ocrx_word' id='word_1_274' title='bbox 687 3025 730 3086; x_wconf 93' lang='lat' dir='ltr'><strong>tui</strong></span> <span class='ocrx_word' id='word_1_275' title='bbox 745 3035 801 3086; x_wconf 90' lang='lat' dir='ltr'><strong>est.</strong></span> <span class='ocrx_word' id='word_1_276' title='bbox 822 3027 910 3100; x_wconf 89' lang='lat' dir='ltr'><strong>Fugit</strong></span> <span class='ocrx_word' id='word_1_277' title='bbox 924 3025 996 3084; x_wconf 91' lang='lat' dir='ltr'><strong>mihi</strong></span> <span class='ocrx_word' id='word_1_278' title='bbox 1010 3041 1074 3084; x_wconf 90' lang='lat' dir='ltr'><strong>ser-</strong></span> 
     </span>
     <span class='ocr_line' id='line_1_35' title="bbox 101 3108 1103 3185; baseline 0.001 -19"><span class='ocrx_word' id='word_1_279' title='bbox 101 3115 183 3169; x_wconf 77' lang='lat' dir='ltr'><strong>vust</strong></span> <span class='ocrx_word' id='word_1_280' title='bbox 203 3110 294 3170; x_wconf 90' lang='lat' dir='ltr'><strong>immo</strong></span> <span class='ocrx_word' id='word_1_281' title='bbox 312 3109 389 3169; x_wconf 93' lang='lat' dir='ltr'><strong>liber</strong></span> <span class='ocrx_word' id='word_1_282' title='bbox 403 3110 505 3170; x_wconf 88' lang='lat' dir='ltr'><strong>abiit.“</strong></span> <span class='ocrx_word' id='word_1_283' title='bbox 530 3111 655 3170; x_wconf 88' lang='lat' dir='ltr'><strong>Familia</strong></span> <span class='ocrx_word' id='word_1_284' title='bbox 673 3110 747 3185; x_wconf 91' lang='lat' dir='ltr'><strong>petit</strong></span> <span class='ocrx_word' id='word_1_285' title='bbox 759 3109 933 3170; x_wconf 89' lang='lat' dir='ltr'><strong>vestiarium</strong></span> <span class='ocrx_word' id='word_1_286' title='bbox 948 3108 1103 3168; x_wconf 86' lang='lat' dir='ltr'><strong>victum-e</strong></span> 
     </span>
     <span class='ocr_line' id='line_1_36' title="bbox 103 3192 1072 3266; baseline -0.003 -14"><span class='ocrx_word' id='word_1_287' title='bbox 103 3207 173 3266; x_wconf 91' lang='lat' dir='ltr'><strong>que.</strong></span> <span class='ocrx_word' id='word_1_288' title='bbox 202 3199 247 3253; x_wconf 89' lang='lat' dir='ltr'><strong>tot</strong></span> <span class='ocrx_word' id='word_1_289' title='bbox 267 3201 389 3253; x_wconf 91' lang='lat' dir='ltr'><strong>ventres</strong></span> <span class='ocrx_word' id='word_1_290' title='bbox 412 3193 656 3254; x_wconf 90' lang='lat' dir='ltr'><strong>avidissimorum</strong></span> <span class='ocrx_word' id='word_1_291' title='bbox 681 3194 852 3252; x_wconf 89' lang='lat' dir='ltr'><strong>animalium</strong></span> <span class='ocrx_word' id='word_1_292' title='bbox 874 3192 975 3253; x_wconf 89' lang='lat' dir='ltr'><strong>tuendi</strong></span> <span class='ocrx_word' id='word_1_293' title='bbox 993 3200 1072 3253; x_wconf 90' lang='lat' dir='ltr'><strong>sunt.</strong></span> 
     </span>
     <span class='ocr_line' id='line_1_37' title="bbox 100 3276 1075 3351; baseline 0 -17"><span class='ocrx_word' id='word_1_294' title='bbox 100 3276 231 3336; x_wconf 89' lang='lat' dir='ltr'><strong>emenda</strong></span> <span class='ocrx_word' id='word_1_295' title='bbox 251 3278 346 3338; x_wconf 89' lang='lat' dir='ltr'><strong>vestis</strong></span> <span class='ocrx_word' id='word_1_296' title='bbox 369 3284 399 3337; x_wconf 91' lang='lat' dir='ltr'><strong>et</strong></span> <span class='ocrx_word' id='word_1_297' title='bbox 421 3278 641 3338; x_wconf 89' lang='lat' dir='ltr'><strong>custodiendae</strong></span> <span class='ocrx_word' id='word_1_298' title='bbox 661 3277 879 3351; x_wconf 89' lang='lat' dir='ltr'><strong>rapacissimae</strong></span> <span class='ocrx_word' id='word_1_299' title='bbox 907 3293 1015 3336; x_wconf 91' lang='lat' dir='ltr'><strong>manus</strong></span> <span class='ocrx_word' id='word_1_300' title='bbox 1044 3281 1075 3334; x_wconf 90' lang='lat' dir='ltr'><strong>et</strong></span> 
     </span>
     <span class='ocr_line' id='line_1_38' title="bbox 102 3357 1072 3436; baseline -0.004 -18"><span class='ocrx_word' id='word_1_301' title='bbox 102 3357 240 3419; x_wconf 82' lang='lat' dir='ltr'><strong>flentium</strong></span> <span class='ocrx_word' id='word_1_302' title='bbox 262 3361 540 3436; x_wconf 88' lang='lat' dir='ltr'><strong>detestantiumque</strong></span> <span class='ocrx_word' id='word_1_303' title='bbox 563 3359 737 3420; x_wconf 90' lang='lat' dir='ltr'><strong>ministeriis</strong></span> <span class='ocrx_word' id='word_1_304' title='bbox 766 3362 922 3420; x_wconf 90' lang='lat' dir='ltr'><strong>utendum.</strong></span> <span class='ocrx_word' id='word_1_305' title='bbox 959 3364 1072 3432; x_wconf 89' lang='lat' dir='ltr'><strong>quanto</strong></span> 
     </span>
     <span class='ocr_line' id='line_1_39' title="bbox 100 3441 1071 3520; baseline 0.002 -20"><span class='ocrx_word' id='word_1_306' title='bbox 100 3441 151 3501; x_wconf 92' lang='lat' dir='ltr'><strong>ille</strong></span> <span class='ocrx_word' id='word_1_307' title='bbox 167 3443 299 3519; x_wconf 80' lang='lat' dir='ltr'><strong>felicior,</strong></span> <span class='ocrx_word' id='word_1_308' title='bbox 315 3443 368 3520; x_wconf 92' lang='lat' dir='ltr'><strong>qui</strong></span> <span class='ocrx_word' id='word_1_309' title='bbox 382 3444 455 3504; x_wconf 90' lang='lat' dir='ltr'><strong>nihil</strong></span> <span class='ocrx_word' id='word_1_310' title='bbox 470 3443 523 3506; x_wconf 95' lang='lat' dir='ltr'><strong>ulli</strong></span> <span class='ocrx_word' id='word_1_311' title='bbox 538 3444 642 3520; x_wconf 89' lang='lat' dir='ltr'><strong>debet,</strong></span> <span class='ocrx_word' id='word_1_312' title='bbox 657 3443 716 3505; x_wconf 94' lang='lat' dir='ltr'><strong>nisi</strong></span> <span class='ocrx_word' id='word_1_313' title='bbox 732 3445 815 3519; x_wconf 90' lang='lat' dir='ltr'><strong>quod</strong></span> <span class='ocrx_word' id='word_1_314' title='bbox 829 3443 968 3504; x_wconf 89' lang='lat' dir='ltr'><strong>facillime</strong></span> <span class='ocrx_word' id='word_1_315' title='bbox 983 3446 1071 3502; x_wconf 65' lang='lat' dir='ltr'><strong>net-&#39;at</strong></span> 
     </span>
    </p>
   </div>
   <div class='ocr_carea' id='block_1_3' title="bbox 0 0 1283 3888">
    <p class='ocr_par' dir='ltr' id='par_1_3' title="bbox 0 0 1283 3888">
     <span class='ocr_line' id='line_1_40' title="bbox 0 0 1283 3888; baseline 0 0"><span class='ocrx_word' id='word_1_316' title='bbox 0 0 1283 3888; x_wconf 95' lang='lat' dir='ltr'><strong> </strong></span> 
     </span>
    </p>
   </div>
  </div>
 </body>
</html>
