2528 3906
204 268 259 327 AD
281 263 506 328 GALLIONEM
526 267 578 328 ul]
600 268 694 328 VITA
714 269 853 329 BEATA.
875 279 962 332 5-8.
1007 269 1069 332 145

94 425 236 497 voluptas
254 414 469 495 inmiscuisset,
492 437 553 496 qua
566 422 662 482 virtus
678 438 773 498 saepe
790 430 881 498 caret,
894 417 1068 500 'numquam

94 505 215 580 indiget.
243 504 320 578 Quid
337 505 503 578 dissimilia,
520 507 611 564 immo
624 506 746 564 diversa
762 507 955 581 conponitist
977 511 1103 570 altumd

94 589 239 664 quiddam
253 596 301 648 est
314 589 419 660 virtus,
442 591 598 648 excelsum
614 596 644 648 et
659 591 770 663 regale,
795 590 947 665 invictum,
969 593 1067 652 inlati-

93 671 208 746 gabile=
235 673 379 747 voluptas
401 671 528 746 humile,
550 671 677 746 servile,
698 673 884 747 inbecillum,
909 676 1068 750 caducum,

94 755 180 816 cuius
196 756 285 816 static
301 769 337 814 ac
352 755 536 816 domicilium
558 757 691 818 fornices
706 765 736 816 et
752 757 884 832 popinae
902 766 981 820 sunt.
1010 759 1068 819 vir-

92 846 183 899 tutem
201 839 231 898 in
247 841 360 914 templo
375 839 551 912 convenies,
574 841 604 898 in
627 841 704 912 loro,
727 841 872 914 incuria,
894 855 950 916 pro
973 843 1067 902 nturis

91 931 229 995 stantem,
241 917 491 997 pulverulentam,
505 924 677 995 coloratam,
691 925 822 985 callosas
834 925 993 985 habentem
1006 942 1068 984 ma·

92 1023 165 1066 nus:
189 1001 381 1080 voluptatem
391 1007 554 1066 latitantem
575 1007 701 1080 saepius
722 1023 759 1066 ac
780 1009 922 1068 tenebras
943 1016 1067 1084 captan-

92 1098 150 1149 tem
167 1089 250 1148 circa
264 1088 385 1174 balinea
405 1105 442 1148 ac
463 1089 621 1150 sudatoria
642 1105 678 1149 ac
699 1091 768 1151 loca
781 1092 910 1151 aedilem
932 1101 1067 1153 metuen-

91 1175 140 1242 tia,
158 1173 290 1244 mollem,
312 1187 464 1245 enervem,
488 1181 685 1247 memetque
708 1183 861 1248 unguento
885 1177 1066 1248 madentem,

91 1256 234 1330 pallidam
250 1261 302 1315 aut
316 1256 446 1315 fucatam
468 1264 498 1317 et
517 1257 745 1316 medicamentis
765 1259 948 1332 pollinctam.
978 1243 1097 1319 Sum-4

77 1339 171 1400 'mum
186 1340 302 1400 bonum
320 1340 481 1400 inmortale
494 1347 553 1413 est,
574 1340 672 1399 nescit
691 1341 787 1422 enine.¹
819 1357 877 1401 nec
898 1343 1068 1402 satietatem

89 1424 181 1482 babet
196 1437 254 1482 nec
269 1417 493 1497 poenitentiam.
522 1439 687 1498 numquam
706 1424 785 1482 enim
799 1433 882 1484 recta
899 1441 985 1484 mens
1000 1441 1067 1484 ver-

88 1506 160 1566 titur
171 1518 230 1566 nec
243 1507 300 1566 sibi
313 1507 384 1567 odio
397 1514 513 1568 estnec
526 1506 695 1588 quicquum⁴
702 1509 827 1568 mutavit
838 1510 933 1586 [-‚quia
944 1524 1068 1584 semper

88 1605 213 1664 semper
224 1599 331 1650 secuta
345 1597 403 1662 est]
420 1592 548 1666 Optima:
564 1598 595 1651 at
606 1588 748 1664 voluptas
760 1598 840 1664 tunc,
856 1607 924 1651 cum
937 1595 1067 1652 maxime

87 1675 229 1746 delectat,
246 1675 457 1748 exstinguitur.
486 1693 546 1736 non
562 1675 685 1734 multum
705 1675 763 1734 loci
776 1675 873 1750 habet,
888 1677 991 1752 itaque
1007 1678 1065 1736 cito

86 1757 184 1832 inplet
206 1764 237 1818 et
265 1759 366 1818 taedio
395 1767 443 1818 est
468 1767 499 1819 et
524 1767 594 1834 post
618 1759 747 1832 primum
774 1761 915 1834 inpetum
937 1765 1065 1820 marcet:

86 1857 145 1900 nec
172 1841 204 1900 id
228 1857 380 1916 umquam·
395 1850 509 1902 certum
531 1850 592 1916 est,
620 1843 707 1902 cuius
728 1844 758 1900 in
781 1851 864 1902 motu
884 1850 990 1903 natura
1010 1851 1065 1902 est.

86 1927 128 1985 ita
157 1941 197 1984 ne
226 1933 327 2000 potest
347 1925 468 1999 quidem
494 1929 556 1986 ulla
581 1925 647 1986 eius
674 1941 746 1986 esse
768 1926 953 2000 substantia,
981 1927 1066 2001 quod

14 2079 15 2082 Ἴ
86 2007 171 2068 venit
192 2007 339 2068 transitu-e
358 2009 515 2069 celerrime
533 2009 647 2084 inipso
666 2025 725 2068 usu
749 2011 796 2068 sni
816 2009 991 2084 periturum.
1027 2023 1065 2068 eo

84 2091 168 2150 enim
196 2093 334 2166 pervenit
354 2093 405 2152 ubi
430 2093 565 2166 desinat,
592 2101 623 2153 et
647 2093 719 2152 dnm
740 2094 859 2168 incipit,
886 2101 1004 2168 spectet
1025 2093 1065 2152 cd

86 2177 191 2235 tinem.

127 2259 210 2318 Vlll.
235 2259 320 2333 Quid,
338 2260 422 2335 quod
433 2267 494 2320 tum
505 2259 596 2320 bonis
609 2279 699 2336 quam
713 2261 798 2320 malls
808 2262 952 2342 voluptas
965 2257 1065 2318 inest?
1080 2271 1095 2322 1

85 2341 148 2402 nec
161 2343 261 2402 minus
275 2350 381 2418 turpes
403 2345 538 2404 dedecus
554 2361 642 2404 suum
665 2360 755 2419 quam
777 2344 924 2404 honestos
940 2343 1064 2416 egregia

84 2427 249 2486 delectant.
265 2426 627 2502 ideoquepracceperunt
637 2428 909 2502 veteresoptimam
918 2424 1007 2498 sequi
1019 2426 1064 2483 vi-

85 2517 158 2580 tam,
180 2525 242 2570 non
260 2509 524 2581 iucundissimam,
548 2518 582 2570 nt
602 2520 703 2571 rectae
723 2527 759 2570 ac
779 2511 878 2570 bonae
899 2509 1063 2568 voluntatis

84 2608 147 2652 non
167 2594 241 2668 dux,
255 2594 312 2652 sed
323 2609 426 2654 comes
442 2593 481 2654 sit
494 2593 646 2668 voluptas.
670 2602 776 2654 natura
790 2592 870 2652 enim
885 2592 963 2651 duce
978 2597 1063 2650 uten-

83 2677 159 2736 dum
175 2683 232 2738 est.
265 2676 344 2736 hanc
356 2678 432 2737 ratio
453 2677 611 2750 observat,
631 2677 710 2736 hanc
725 2677 864 2736 consulit.
885 2675 990 2733 Idem
1005 2679 1098 2734 este

82 2775 180 2834 ergo
203 2761 314 2824 beate
331 2761 514 2820 vivereet
539 2763 748 2821 secundum
771 2767 952 2820 naturam.
991 2758 1064 2818 lroc

82 2843 183 2918 quid
199 2844 264 2916 sit,
280 2844 350 2903 inm
366 2845 554 2918 aperiam:
577 2845 603 2904 si
622 2845 762 2920 corporis
777 2845 865 2904 dotes
880 2849 910 2901 et
924 2850 994 2918 apte
1010 2859 1063 2902 nu-

14 2927 15 2984 }
82 2935 173 2987 turae
196 2926 447 2990 conservabimus
462 2928 622 3002 diligenter
642 2934 672 2988 et
690 2927 835 3004 inpavide
857 2935 1011 3000 tamquam
1033 2927 1063 2985 in

83 3011 169 3070 diem
185 3009 255 3070 datu
269 3017 300 3070 et
311 3011 439 3086 fugacia,
458 3013 485 3070 si
500 3027 560 3072 non
570 3011 755 3086 ,subierimus
767 3027 873 3072 corum
888 3010 1064 3074 servitutem

82 3109 145 3153 nec
160 3111 218 3155 nos
234 3093 334 3155 aliena
348 3095 552 3170 possederint,
568 3096 594 3156 si
609 3097 732 3170 corpori
747 3103 833 3170 grata
847 3101 878 3154 et
891 3093 1064 3153 adventicia

81 3193 122 3238 eo
141 3179 233 3240 nobis
248 3181 318 3240 loco
334 3177 452 3252 luerint,
469 3195 531 3252 quo
548 3181 663 3240 suntin
680 3179 788 3239 castris
800 3178 912 3238 auxilia
927 3183 957 3237 et
968 3192 1072 3236 arma--

81 3269 172 3324 turae
189 3264 290 3324 leves:
313 3263 448 3323 serviant
462 3263 530 3336 ista,
544 3279 605 3323 non
621 3264 778 3338 imperent,
792 3263 833 3322 ita
844 3262 965 3320 demum
979 3261 1063 3321 utilia

81 3353 158 3406 sunt
171 3347 286 3407 menti·
301 3347 498 3422 Incorruptus
520 3346 566 3404 vir
586 3346 625 3406 sit
645 3347 779 3406 externis
801 3354 832 3406 et
847 3344 1062 3419 insuperabilis
1076 3347 1098 3402 3

81 3425 273 3506 miratorque
287 3437 401 3491 tantum
417 3431 474 3502 sui,
497 3429 596 3489 fidens
616 3428 716 3489 animo
741 3436 833 3504 atque
853 3429 883 3486 in
901 3436 1062 3498 utrumque

83 3521 212 3585 paratus
234 3515 344 3574 artilex
365 3515 454 3574 vitae.
491 3513 605 3573 fiducia
619 3511 686 3572 cius
704 3529 764 3574 nun
781 3514 848 3572 sine
868 3509 994 3570 scientia
1014 3507 1061 3578 sit,

83 3597 214 3658 scientia
235 3614 296 3664 non
318 3598 384 3658 sine
406 3597 590 3660 constantia:
617 3603 759 3656 maneant
775 3595 818 3655 illi
838 3593 933 3652 semel
952 3590 1065 3663 placita

127 3701 231 3741 seneca
246 3701 315 3740 nure.
330 3685 351 3740 l.
866 3684 899 3734 10
