2554 3888
213 267 273 332 178
402 267 434 323 L.
454 265 600 324 ANNAEi
623 263 797 323 SENECAE
823 263 924 322 DlAL.
946 263 995 322 IX,

209 421 235 480 si
258 426 378 492 tempus
403 417 433 475 in
454 415 555 476 studia
572 415 730 486 conferas,
754 413 836 487 quod
857 413 1041 473 subduxeris
1064 413 1189 486 officiiS,

208 519 270 563 non
287 497 463 562 deserueris
480 513 536 557 nec
552 514 662 557 munus
678 498 905 558 detrectaveris.
928 497 1121 572 nequeenim
1137 498 1189 557 iffc
1269 557 1270 582 ,

209 587 295 648 solus
308 583 429 657 militat,
444 582 538 659 quiin
551 582 617 641 acic
632 588 692 642 stat
703 587 733 640 et
745 596 839 641 cornu
852 581 992 640 dextrum
1003 581 1190 654 laevumque
1269 589 1270 600 ¹

209 669 360 740 defendit,
382 667 438 726 sed
454 666 506 742 qui
521 673 625 741 portas
640 671 741 725 tuetur
753 671 784 723 et
798 665 928 724 statione
949 664 1049 724 minus
1066 665 1189 740 pericu-

209 757 291 824 losa,
304 769 366 812 non
375 751 475 812 otiosa
485 757 584 809 tamen
597 747 731 822 fungitur
743 747 923 823 vigiliasque
936 755 1038 808 servat
1048 757 1078 808 ct
1088 764 1188 807 arma-

209 837 356 897 mentario
369 840 510 913 praeestq
525 848 604 908 quae
615 831 781 891 ministeria
793 831 933 906 quamvis
945 832 1104 892 incruenta
1116 832 1187 906 sint,

182 921 240 988 cin
261 935 419 979 numerum
435 916 655 992 stipendiorum
668 915 802 975 veniunt.
833 915 866 976 Si
882 922 911 975 te
925 916 965 974 ad
980 916 1081 975 studia
1096 931 1188 974 revo-

210 1003 345 1075 caveris,
369 1016 458 1062 0mne
472 999 553 1060 vitae
568 1000 721 1060 fastidium
735 997 881 1074 effugeris
900 1015 957 1059 nec
977 1007 1098 1059 noctem
1119 999 1190 1058 fieri

211 1087 332 1162 optabis
346 1085 448 1146 taedio
463 1083 550 1156 lucis,
566 1100 623 1143 nec
633 1084 686 1143 tibi
697 1084 798 1157 gravis
814 1083 874 1142 eris
889 1099 946 1142 nec
958 1083 1025 1142 aliis
1038 1099 1189 1157 superva-

211 1187 297 1231 cuns.
325 1169 435 1229 multos
447 1169 476 1227 in
492 1167 652 1227 amicitiam
665 1166 807 1226 adtrahes
820 1167 998 1242 adfluetque
1013 1167 1053 1226 ad
1064 1175 1094 1226 te
1109 1169 1190 1242 opti-

211 1270 279 1314 mus
295 1253 435 1328 quisque.
458 1267 622 1326 numquam
638 1251 717 1311 enim
731 1251 870 1325 quamvis
885 1251 1018 1310 obscura
1030 1251 1130 1310 virtus
1146 1253 1190 1309 la-

210 1345 268 1411 tet,
287 1337 344 1398 sed
358 1337 445 1398 mittit
460 1336 508 1395 sui
523 1335 625 1410 signa:
646 1334 786 1410 quisquis
803 1336 913 1409 dignus
930 1335 1032 1409 fuerit,
1050 1335 1190 1409 vestigiis

183 1421 292 1488 tiliam
308 1421 438 1495 colliget.
469 1419 544 1478 Nam
559 1420 585 1478 si
598 1434 717 1478 omnem
733 1420 997 1480 conversationem
1008 1418 1144 1478 tollimus
1160 1426 1193 1478 et

212 1505 316 1580 generi
342 1505 475 1563 humano
499 1503 707 1562 renuntiamus
728 1502 921 1578 vivimusque
942 1503 971 1561 in
992 1517 1051 1562 nos
1071 1509 1191 1562 tantum

213 1589 372 1658 conversi,
395 1593 541 1660 sequetur
554 1586 634 1644 hanc
650 1585 844 1646 solitudinem
866 1587 948 1648 omni
964 1587 1066 1646 studio
1082 1601 1191 1646 ceren·
1271 1653 1272 1660 ἵ

211 1680 273 1731 tem
290 1670 393 1746 inopia
415 1685 515 1729 rerum
536 1669 735 1744 agendarum:
764 1671 945 1744 incipiemus
967 1669 1110 1730 aedificia
1130 1671 1192 1729 affa
1271 1683 1272 1722 1

213 1769 345 1830 ponere,
371 1752 431 1814 alia
456 1753 636 1813 subvertere
662 1760 693 1812 et
717 1769 802 1814 mere
823 1755 1007 1814 submovere
1033 1761 1063 1813 et
1088 1769 1191 1828 aquus

214 1846 320 1918 contra
340 1837 547 1897 difficultatem
568 1837 705 1897 focorum
721 1837 851 1896 educere
866 1845 896 1896 et
910 1835 988 1896 male
1004 1835 1191 1911 dispensare

183 1929 350 1998 stempuS,
382 1923 466 1996 quod
491 1921 579 1981 nobis
606 1927 715 1980 natura
739 1922 980 1982 consumendum
1009 1920 1108 1981 deduz
1139 1921 1192 1980 alii

213 2023 307 2081 parce
329 2005 381 2065 iilo
402 1997 529 2079 utimur,
557 2005 605 2063 alii
628 2004 766 2078 prodige.
794 2005 844 2063 atii
865 2005 911 2064 sic
925 2005 1135 2079 inpendimus,
1156 2011 1194 2062 ut
1272 2061 1273 2074 ,

214 2089 373 2164 possimus
388 2091 535 2148 rationem
551 2088 697 2160 reddere,
713 2087 778 2162 alii,
792 2095 826 2148 ut
841 2089 941 2148 nullas
956 2088 1124 2147 habeamus
1141 2103 1192 2146 re-
1272 2083 1273 2086 ’

213 2173 339 2247 tiquias,
362 2188 423 2246 qua
442 2187 476 2230 re
496 2169 569 2228 nihil
584 2171 702 2244 turpius
718 2177 774 2230 est.
804 2187 898 2247 saepe
913 2172 1038 2246 grandis
1054 2179 1125 2232 natu
1141 2187 1192 2230 se-

212 2270 274 2314 nex
288 2256 403 2314 nuflum
424 2254 505 2314 aliud
527 2253 618 2314 habet
638 2261 864 2329 argumentum,
885 2272 946 2331 quo
963 2271 997 2316 se
1012 2256 1122 2330 probet
1137 2253 1195 2316 diu

212 2339 349 2409 vixisse,
365 2345 486 2412 praeter·
501 2343 638 2396 aetatem.
649 2343 665 2370 “

123 2483 125 2489 s
185 2431 201 2483 1
276 2423 328 2482 lv.
350 2420 439 2494 Mihi,
456 2420 613 2480 carissime
628 2420 757 2495 Serene,
773 2421 862 2483 nimis
874 2421 995 2483 videtur
1006 2420 1193 2482 submisisse

212 2504 402 2582 temporibus
427 2520 462 2566 sc
482 2503 715 2577 Athenodorus,
745 2505 834 2565 nimis
861 2507 920 2566 cito
941 2506 1104 2580 refugisse.
1145 2506 1192 2564 Ne

213 2593 271 2665 ego
292 2589 466 2666 negaverim
489 2589 655 2662 aliquando
677 2589 861 2662 cedendum,
885 2590 942 2650 sed
962 2590 1077 2648 sensim
1092 2590 1192 2648 relato

212 2675 311 2749 gradu
323 2682 352 2734 et
366 2672 461 2734 salvis
477 2672 588 2746 signis,
604 2673 690 2730 salva
705 2672 822 2733 militari
837 2673 996 2747 dignitate:
1018 2673 1193 2732 sanctiores

214 2759 407 2832 tutioresque
429 2763 500 2816 sunt
519 2755 659 2815 hostibus
680 2756 760 2827 suis,
784 2755 836 2830 qui
857 2757 887 2814 in
903 2757 997 2816 fidem
1012 2771 1082 2816 cum
1096 2757 1192 2815 armis

106 2867 112 2871 ·
213 2839 349 2900 veniunt.
378 2841 438 2900 hoc
460 2846 534 2913 puto
555 2839 660 2898 virtuti
682 2839 854 2900 faciendum
876 2841 1081 2915 studiosoque
1095 2839 1193 2899 virtu-

185 2924 262 2983 2tis.
286 2922 1193 2998 Sipraevalebitfortunaetpraecidctagendi

213 3007 456 3080 facultatem,
492 3021 564 3066 non
598 3004 731 3066 statim
757 3023 921 3067 aversus
947 3007 1193 3081 inermisque

214 3091 341 3163 fugiat
354 3089 532 3170 fatebras
549 3099 758 3164 quaerens,
776 3091 864 3166 quasi
879 3091 958 3150 ulfus
971 3089 1117 3162 focussit,
1134 3090 1191 3163 [in]

215 3189 276 3246 quo
298 3190 360 3233 non
383 3171 483 3248 possit
499 3173 619 3233 fortuna
635 3174 794 3248 persequi,
819 3175 875 3234 sed
890 3175 1014 3249 parcius
1030 3190 1066 3234 se
1080 3175 1194 3232 inferat

183 3255 323 3315 defficiis
339 3265 451 3317 etcum
466 3257 585 3317 delectu
600 3256 734 3316 inveniat
748 3257 877 3332 aliquid,
895 3259 925 3316 in
942 3274 1003 3332 quo
1017 3259 1099 3318 utilis
1116 3256 1193 3316 civi-

213 3337 266 3398 tati
281 3340 329 3398 sit.
355 3337 482 3398 militare
494 3355 556 3401 non
570 3340 654 3400 licet:
668 3340 810 3401 honores
828 3347 919 3416 petat.
949 3340 1068 3416 privato
1084 3344 1192 3400 viven-

214 3423 364 3482 domest:
381 3421 420 3481 sit
434 3429 545 3482 orator.
574 3422 725 3483 silentium
741 3424 885 3485 indictum
904 3431 966 3484 este
987 3425 1078 3484 tacita
1093 3421 1194 3485 advoss

215 3506 334 3564 cutione
356 3503 440 3563 cives
460 3504 551 3564 iuvet.
587 3505 794 3580 periculosum
815 3507 905 3567 etiam
926 3509 1068 3583 ingressu
1090 3509 1194 3568 forum
