2528 3906
195 252 249 312 ΑΙ)
269 249 454 312 Maeciam
473 251 524 311 DE
548 250 850 328 CONSOLATIONE.
871 261 957 317 4-7.
1002 251 1064 315 117

87 401 210 464 horrida
236 402 291 475 sit,
318 400 464 478 quicquid
491 411 579 476 potes
602 403 753 476 congeris.
786 403 844 474 Ne,
872 404 1002 465 obsecro
1023 409 1091 474 tas

10 555 11 558 Ἴ
89 487 281 561 concupieris
305 485 568 561 perversissimam
585 487 712 560 gloriam
732 485 942 547 infelicissima
955 489 1062 548 videri.

10 595 12 620 τ
90 571 177 632 simul
199 569 301 644 cogita
320 586 380 630 non
402 585 474 628 esse
494 585 637 643 magnum
658 569 752 630 rebus
774 573 933 646 prosperis
954 573 1064 632 lortem

10 655 11 658 ’
66 717 71 728 ,
89 669 121 714 se
134 669 256 728 gerere,
279 653 330 714 ubi
345 653 482 712 secundo
498 667 590 712 cursu
603 651 664 713 vita
680 655 827 727 procedit.
855 670 894 713 ne
913 655 1063 728 guberna.

89 738 160 798 toris
182 737 305 812 quidem
327 745 422 796 artem
441 737 634 812 tranquillum
656 753 739 796 mare
754 743 784 796 et
798 737 974 812 obsequens
991 753 1063 797 vcn-

86 830 134 883 tus
150 821 297 882 ostendit:
319 819 442 880 adversi
462 821 575 895 aliquid
592 821 724 880 incurrat
738 827 875 895 oportet,
899 823 983 896 quod
998 821 1063 881 ani-

87 922 167 964 mum
184 904 302 978 probet.
329 905 459 965 Proinde
474 919 512 962 ne
528 903 707 964 submiseris
722 911 761 978 te,
777 905 867 965 immo
883 913 989 966 contra
1003 906 1092 980 liget

88 989 225 1048 stabilem
248 989 375 1062 gradum
397 996 426 1048 et
447 988 594 1063 quicquid
621 994 748 1048 onerum
769 1005 864 1064 supra
882 989 991 1049 cecidit
1013 1005 1064 1048 su-

88 1073 180 1143 stine,
197 1070 295 1146 primo
311 1073 468 1132 dumtaxat
482 1072 610 1147 strepitu
625 1069 798 1132 conterrita.
823 1075 904 1132 nulla
918 1089 953 1132 re
968 1073 1065 1132 maior

87 1155 201 1214 invidia
215 1157 353 1215 fortunae
367 1156 401 1216 tit
416 1171 507 1230 quam
522 1170 622 1230 aequo
635 1156 766 1216 animo.“
787 1155 862 1216 Post
871 1156 949 1216 haee
961 1165 1064 1216 osten-

89 1240 130 1298 dit
145 1238 188 1298 illi
203 1239 297 1299 lilium
311 1238 504 1312 incolumem,
521 1240 654 1299 ostendit
668 1255 707 1298 ex
722 1241 836 1300 antisse
854 1248 994 1314 nepotes.

128 1323 180 1380 Vl.
208 1322 302 1382 Tuum
323 1323 398 1396 illic,
424 1323 554 1395 Marcia,
582 1324 736 1397 negotium
755 1329 870 1395 actum,
895 1323 949 1383 tibi
963 1325 1091 1386 Arausa

87 1406 215 1466 adsedit
250 1414 333 1466 muta
356 1423 536 1481 personam:
559 1413 589 1466 te
609 1407 787 1468 consolatus
808 1415 864 1466 est.
897 1405 960 1464 Sed
980 1413 1064 1480 puta,

86 1490 215 1562 Marcia,
236 1493 372 1564 ereptum
393 1490 446 1551 tibi
467 1491 599 1564 amplius
623 1507 713 1565 quam
735 1491 796 1551 ulla
810 1506 954 1564 umquam
969 1498 1065 1550 mater

87 1573 230 1632 amiserit.
270 1589 330 1633 non
362 1573 538 1648 permulceo
563 1581 593 1634 tc
623 1589 680 1634 nec
706 1581 838 1634 extenuo
864 1573 1065 1633 calamitatem

88 1667 184 1716 tuamz
206 1657 233 1714 si
253 1655 376 1718 lletibus
398 1659 459 1716 lata
473 1659 649 1730 vincuntur,
668 1659 871 1718 conteramus.
902 1665 950 1716 eat
965 1655 1093 1720 omnist

86 1742 164 1800 inter
184 1741 284 1799 luctus
306 1739 382 1800 dies.
416 1747 537 1801 noctem
554 1742 621 1802 sine
636 1757 745 1802 somno
760 1742 880 1802 tristitia
895 1747 1064 1800 consumat.

87 1825 264 1897 ingerantur
287 1825 424 1885 lacerato
448 1823 566 1899 pectori
590 1841 697 1884 manns
723 1825 807 1884 etin
833 1825 932 1899 ipsam
956 1823 1065 1883 faciem

86 1909 210 1982 inpetus
231 1905 285 1967 fiat
305 1915 397 1982 atque
418 1907 500 1968 omni
522 1923 557 1966 se
579 1923 692 1982 genere
711 1909 862 1968 saevitiae.
873 1909 1064 1982 prolecturus

86 2005 210 2050 moeror
224 1999 379 2052 exerceat:
403 1993 459 2052 sed
480 1992 507 2051 si
528 1991 617 2052 nullis
634 1991 805 2066 planctibus
820 1993 963 2052 deluncta
975 2005 1065 2049 revo-

86 2081 209 2146 cantur,
231 2074 257 2134 si
279 2091 348 2136 sors
366 2075 481 2136 inmota
501 2083 531 2135 et
550 2075 580 2134 in
601 2083 756 2135 aeternum
770 2077 833 2134 lixa
846 2077 929 2135 nulla
943 2073 1066 2134 miseria

85 2163 220 2218 mutatur
241 2165 271 2218 et
292 2175 375 2219 mors
396 2158 495 2218 renuit
515 2159 661 2234 quicquid
676 2159 812 2233 abstulit,
839 2159 959 2219 desinat
979 2159 1068 2218 dolor

87 2242 140 2318 qui
162 2241 251 2316 perit.
284 2243 383 2316 Quare
403 2259 545 2317 regamur
565 2258 623 2302 nec
643 2257 701 2303 nos
722 2245 781 2303 ista
802 2243 849 2303 vis
870 2250 1094 2302 transversosa

84 2325 213 2386 aulerat.
242 2327 339 2401 turpis
356 2334 403 2387 est
418 2326 529 2401 navigii
543 2334 653 2400 rector,
670 2327 718 2386 cui
734 2327 939 2401 gubernacula
954 2325 1066 2386 fluctus

85 2409 214 2482 eripuit,
238 2409 291 2484 qui
312 2409 461 2470 fluitantia
482 2411 549 2469 vela
565 2411 714 2484 deseruit,
740 2411 877 2484 permisit
893 2408 1066 2483 tempestati

84 2500 200 2552 taleme
230 2500 260 2552 at
283 2492 333 2552 ille
357 2494 404 2552 vel
425 2494 455 2553 in
477 2494 828 2568 naun-agiolaudandus
854 2508 945 2567 quem
967 2491 1068 2551 obruit

86 2577 197 2652 [marc]
213 2591 323 2634 navem
339 2583 491 2637 tenentem
506 2573 536 2636 et
551 2577 705 2636 obnixum.

150 2659 218 2720 Vll.
238 2662 310 2731 „At
330 2661 428 2719 enim
449 2661 627 2720 naturale
649 2659 889 2720 desiderium
911 2669 1093 2718 snorumt
1154 2665 1156 2671 “

85 2747 178 2804 est.“
202 2742 277 2816 Quis
292 2751 397 2818 negat,
414 2743 560 2818 quamdiu
573 2743 727 2804 modicum
741 2750 806 2804 este
828 2759 897 2802 nam
914 2741 1065 2813 discessu,

84 2843 149 2888 non
172 2828 273 2887 solum
294 2827 459 2888 amissione
481 2828 707 2888 carisstmorum
726 2827 921 2887 necessarius
943 2840 1065 2884 morsus

85 2919 136 2970 est
151 2917 183 2970 et
196 2911 445 2972 firmissimorum·
455 2928 580 2986 quoque
601 2910 769 2972 animorum
785 2908 962 2971 contractio.
996 2909 1067 2966 sed

85 2995 177 3069 plus
199 3003 258 3054 est
279 2996 381 3070 quod
402 2996 536 3069 opinio
553 2994 798 3069 adicitquam
814 2995 913 3068 quod
929 2999 1067 3053 natura

84 3080 133 3138 im
141 3077 305 3154 paravit.
331 3079 470 3153 Adspice
490 3087 641 3138 mutorum
662 3079 835 3138 animalium
858 3095 949 3154 quam
964 3074 1095 3140 conci-2

86 3171 150 3222 tata
166 3162 229 3222 sint
249 3161 404 3223 desideria
419 3169 563 3222 ettamen
579 3178 669 3236 quam
684 3163 799 3222 brevia.
827 3177 989 3222 vaccarum
1005 3174 1066 3219 nno

84 3247 138 3306 die
153 3247 291 3310 alterove
306 3247 439 3321 mugitus
454 3247 584 3318 auditur,
607 3260 664 3304 nec
679 3246 791 3308 diutius
808 3261 955 3320 equarum
970 3257 1067 3318 vagus

83 3330 138 3390 ille
160 3345 332 3405 amensque
352 3331 511 3392 discursus
533 3337 589 3390 est.
622 3330 704 3388 lerae
725 3345 795 3390 cum
808 3330 938 3404 vestigia
953 3326 1067 3388 catulo·

82 3430 155 3473 rum
178 3421 373 3474 consectatae
394 3421 519 3474 suntet
541 3413 634 3472 silvas
656 3421 854 3488 pervagatae,
882 3428 950 3472 cunr
972 3423 1066 3482 saepe

83 3498 125 3557 ad
143 3496 258 3557 cubilia
273 3499 406 3572 expilata
420 3496 578 3569 redierint,
601 3495 716 3556 rabiem
738 3498 816 3556 intra
832 3495 975 3568 exiguum
992 3497 1065 3550 tem-
