2546 3890
205 249 284 348 292*
496 249 529 308 L.
545 249 690 310 ANNAEI
714 247 889 310 SENECAE

208 403 280 479 quid
301 401 380 461 enim
401 400 522 461 stultius
543 415 633 474 quam
654 399 685 459 in
707 398 847 459 iumentis
863 399 985 473 quidem
1002 408 1031 460 et
1049 401 1187 463 canibus

207 486 390 546 erubescere
417 486 490 543 iram
518 498 685 555 exercere,
717 483 852 558 pessima
875 489 975 542 autem
997 484 1186 544 condicione

205 570 265 630 sub
287 570 423 642 [bomine]
446 567 596 627 bominem
619 573 711 626 esset
743 567 857 626 Morbis
874 567 1032 626 medemur
1046 583 1104 628 nec
1120 568 1185 626 ira-

207 653 330 713 scimur.
352 650 435 728 atqni
450 659 479 710 ct
490 651 538 710 hic
550 649 674 709 morbus
687 657 733 710 cst
745 649 845 709 animi.
863 650 985 710 mollem
997 651 1185 711 medicinam

208 737 363 806 desiderat
387 736 551 810 ipsumque
575 733 746 792 medentem
768 733 889 793 minime
910 734 1053 794 iniestum
1074 749 1184 809 aegro.

129 843 142 854 ·
177 819 276 887 aMaii
298 819 407 879 medici
429 826 476 878 est
491 819 657 892 desperare
673 823 723 890 [ne
739 823 851 889 curest-
877 817 957 877 idem
973 819 1002 876 in
1016 817 1080 892 his,
1102 835 1184 893 quo·

206 919 275 966 rum
291 904 408 962 animus
423 903 562 962 adiectus
578 908 633 973 est,
649 901 751 964 iacere
766 900 896 973 debebit,
913 901 962 962 eui
973 901 1082 962 tradita
1094 902 1183 961 satus

208 987 341 1048 omnium
362 993 424 1061 est,
447 1002 507 1046 non
522 985 581 1045 cito
596 999 683 1060 spem
699 985 838 1060 proicere
854 1001 910 1044 nce
925 985 1078 1045 mortifera
1092 985 1185 1060 signa

207 1069 420 1148 pronuntiare:
448 1071 577 1130 luctetur
593 1085 662 1129 cum
677 1069 770 1142 vitiis,
797 1070 934 1142 resistat,
957 1068 1024 1128 aliis
1039 1067 1184 1128 morbum

208 1171 297 1216 suum
312 1153 490 1228 exprobret,
514 1153 665 1228 quosdam
679 1153 760 1214 motti
778 1152 932 1213 curatione
947 1151 1079 1227 decipiat
1090 1153 1183 1212 citius

208 1239 379 1312 meliusque
398 1243 561 1298 sanaturus
583 1237 726 1297 remediis
742 1237 924 1297 salientibus.
951 1243 1021 1310 agat
1034 1235 1183 1312 princeps

209 1337 312 1383 curam
332 1337 395 1382 non
411 1329 526 1382 tantum
540 1321 660 1394 salutis,
683 1319 740 1380 scd
755 1319 843 1380 etiam
858 1320 1005 1381 honestae
1020 1320 1183 1380 cicatricis.

180 1407 294 1468 3Nuiia
308 1405 373 1480 regi
387 1406 484 1480 gioria
499 1411 547 1465 est
559 1421 598 1464 cx
610 1420 705 1465 saeva
716 1403 994 1474 animadversione=
1017 1403 1086 1480 quis
1099 1404 1183 1464 enim

209 1489 326 1551 dubitat
347 1497 462 1564 posset
486 1497 516 1549 at
530 1496 636 1550 contra
649 1487 794 1561 maxima,
817 1487 844 1547 si
859 1489 920 1547 vim
935 1503 1021 1548 suam
1037 1488 1183 1562 continet,

210 1566 236 1634 si
251 1575 363 1633 multos
378 1573 441 1634 irae
456 1573 574 1632 atienae
588 1572 711 1647 cripuit,
731 1571 880 1632 neminem
896 1587 972 1633 suae
985 1569 1132 1647 inpendit.

183 1667 192 1716 t
269 1657 376 1716 xviii.
400 1655 505 1716 Servis
520 1657 670 1731 imperare
684 1655 840 1716 moderate
854 1657 921 1716 iaus
934 1662 990 1715 est.
1013 1662 1044 1715 et
1056 1655 1085 1714 in
1096 1669 1183 1714 man·

209 1741 290 1816 cipio
306 1739 499 1816 cogitandum
515 1747 635 1801 estnon
652 1747 796 1814 quantum
812 1738 887 1799 iliud
902 1739 1017 1814 inpune
1030 1740 1091 1814 pati
1108 1755 1183 1814 pos·

210 1826 262 1898 sit,
291 1823 347 1883 scd
374 1831 517 1900 quantum
542 1823 595 1884 tibi
620 1823 771 1898 permittat
796 1823 887 1898 aequi
907 1822 1043 1900 bonique
1063 1830 1182 1897 natura,

211 1924 290 1984 quae
303 1923 430 1983 parcere
441 1907 530 1968 ctiam
543 1905 672 1984 captivis
680 1913 710 1967 et
718 1907 812 1983 pretio
822 1906 935 1983 paratis
947 1905 1044 1968 iubet=
1065 1914 1182 1984 quanto
1258 1897 1259 1916 ³

209 1992 319 2054 iustius
340 1991 424 2053 iubet
443 1991 616 2053 hominibus
636 1991 753 2062 liberis,
781 1989 937 2066 ingenuis,
957 1989 1096 2052 honestis
1117 2007 1183 2051 non

209 2087 242 2138 ut
262 2076 421 2150 mancipiis
441 2076 536 2151 abuti,
559 2077 626 2155 [sed
641 2075 701 2147 his]
719 2091 799 2151 quos
813 2075 911 2150 gradu
925 2075 1089 2137 antecedas
1105 2091 1182 2151 quo·

181 2170 336 2236 aramque
357 2159 409 2219 tibi
431 2176 492 2218 non
509 2160 639 2220 servitus
655 2159 765 2220 tradita
780 2161 834 2231 sit,
857 2159 913 2220 sed
930 2160 1042 2219 tutelat
1058 2161 1061 2168 '
1076 2157 1183 2219 Servis
1257 2205 1258 2214 ,

209 2245 248 2304 ad
264 2250 393 2304 statuam
408 2242 478 2302 licet
492 2243 665 2316 coningere.
687 2259 754 2303 cum
769 2243 799 2303 in
815 2258 937 2304 servum
950 2243 1051 2303 omnia
1061 2241 1182 2317 liceant,

209 2335 257 2387 cst
277 2325 406 2402 aliquid,
430 2325 514 2400 quod
535 2326 564 2386 in
585 2325 738 2387 hominem
758 2325 851 2388 licere
871 2342 1032 2388 commune
1052 2325 1100 2386 ius
1118 2326 1181 2385 ani-

211 2407 355 2470 mantium
370 2415 459 2470 vetet.
495 2409 568 2484 Quis
580 2427 640 2470 non
651 2409 784 2472 Vedium
795 2409 964 2474 Pollionem
975 2410 1064 2486 peius
1076 2409 1184 2472 oderat

211 2507 302 2571 quam
322 2493 404 2556 servi
421 2494 484 2566 sui,
509 2495 592 2569 qnod
614 2510 775 2556 muraenas
788 2495 938 2571 sanguine
952 2493 1085 2556 humano
1100 2494 1183 2568 segi-
1256 2517 1257 2584 g

210 2579 302 2638 nabet
322 2584 352 2638 et
372 2593 442 2653 eos,
473 2579 580 2652 quise
602 2579 716 2654 aliquid
739 2577 944 2650 offenderant,
974 2580 1004 2639 in
1024 2571 1183 2652 vivuiium,
1256 2585 1257 2614 ι

212 2661 286 2738 quid
300 2662 382 2722 aliud
398 2677 489 2736 quem
504 2663 705 2737 serpentium,
724 2661 802 2722 abici
817 2659 962 2723 iubebat?
994 2661 1017 2722 0
1030 2661 1183 2728 hominem

210 2747 279 2806 mite
295 2745 444 2806 mortibus
460 2745 598 2820 dignum!
622 2747 689 2804 sive
701 2746 896 2807 devorandos
911 2761 1019 2808 servos
1031 2743 1184 2806 obiciebat

139 2826 144 2835 '
210 2829 379 2901 muraenis,
401 2845 479 2904 quas
495 2843 604 2890 esurus
620 2837 698 2902 erat,
720 2830 830 2890 sivein
845 2829 1182 2891 hoetantumitiasate·

182 2913 276 2986 abet,
300 2921 332 2973 ut
353 2913 398 2974 sie
418 2911 521 2973 aieret.
558 2912 818 2986 Quemadmodum
834 2913 948 2976 domini
965 2913 1104 2974 crudeles
1118 2919 1182 2972 tota
1255 2937 1256 2946 ι

212 2997 332 3057 civitate
348 3004 622 3057 commonstrantur
635 2997 788 3074 invisique
800 3005 830 3059 et
841 2996 1037 3058 detestabiles
1049 3003 1128 3070 sunt,
1142 2997 1184 3056 ita

211 3097 317 3154 regum
338 3087 368 3140 et
387 3080 495 3140 iniuria
517 3081 607 3142 iatius
629 3088 712 3156 patet
726 3089 755 3142 et
771 3081 893 3141 iniamia
908 3087 1000 3156 atque
1015 3081 1118 3143 odium
1134 3095 1183 3139 se·

212 3164 289 3224 culis
311 3164 446 3224 traditur.
474 3173 588 3239 quanto
610 3171 709 3224 autem
727 3181 788 3226 non
803 3166 888 3226 nasci
903 3165 1010 3225 meiius
1026 3164 1080 3224 iuit
1094 3179 1183 3240 quam

211 3248 362 3308 numerari
377 3248 454 3308 inter
468 3247 591 3322 pubiico
606 3249 686 3308 maio
702 3254 812 3308 natost

184 3344 198 3394 t
271 3331 349 3391 xlx.
371 3331 553 3406 Excogitare
567 3347 657 3392 nemo
674 3331 836 3408 quicquam
852 3333 971 3407 poterit,
988 3329 1072 3407 quod
1087 3326 1184 3404 magis

212 3413 356 3474 decorum
377 3415 494 3487 regenti
515 3415 554 3476 sit
574 3433 664 3491 quam
686 3415 858 3489 clementia,
881 3431 1077 3492 quocumque
1091 3413 1183 3474 modo

212 3499 238 3557 is
253 3505 284 3558 et
297 3511 491 3572 quocumque
505 3498 571 3558 iure
589 3500 782 3574 praepositus
801 3500 911 3560 ceteris
930 3499 995 3560 erit
1016 3515 1054 3559 eo
1069 3498 1187 3558 scilicet
