2528 3906
160 173 224 240 152
338 175 372 234 L.
394 173 541 233 ANNAEI
562 170 737 233 SENECAE
758 172 862 232 DlAL.
880 173 946 232 vlt.

160 345 240 402 rem,
266 324 391 386 habebit
411 325 484 386 iilud
508 325 537 384 in
560 324 664 385 animo·
685 331 771 386 vetus
793 333 1008 400 praeceptum
1031 328 1144 388 deum

126 423 340 486 bsequere.
375 407 519 484 Quisquis
535 415 636 469 cutem
658 409 794 484 queritur
815 416 846 468 et
864 411 965 484 plorat
986 419 1017 471 et
1037 411 1142 484 gemit,

161 497 309 570 imperata
321 494 423 554 iacere
433 493 464 552 vi
473 493 627 566 cogitaret
639 492 750 552 invitus
762 492 1021 567 rapiturad-iussa
1032 493 1142 553 nibilo-

161 579 272 638 minus.
295 591 374 652 quae
387 584 488 637 autem
502 576 655 636 dementia
667 582 716 636 est
729 575 916 650 potinstrahi
931 593 1022 652 quam
1031 579 1145 652 sequi?

160 671 222 723 tam
236 660 427 720 mehercules
442 675 533 734 quam
547 659 670 720 stultitia
681 668 710 719 et
723 659 873 733 ignoratio
887 660 1077 720 condicionis
1095 667 1144 722 est

161 761 238 806 suae
250 746 365 818 dolere,
377 743 460 818 quod
472 749 520 802 est
534 743 710 818 aliquidaut
724 742 829 802 Incidit
843 745 957 818 durius,
972 759 1071 818 aeque
1080 745 1144 824 [cc]

162 828 265 888 mirari
281 835 333 888 aut
343 827 467 901 indigne
478 827 558 886 terre
573 842 619 899 ea,
636 832 782 902 quactum
792 826 881 887 bouis
893 829 1036 887 accidunt
1049 845 1142 902 quam

162 913 260 983 malis,
276 912 402 971 morbos
417 910 496 984 dico,
512 911 628 980 funera,
644 907 815 970 debilitates
831 919 861 970 et
874 919 977 972 cetera
987 927 1026 970 ex
1040 919 1141 971 trans·
1198 915 1201 920 '

129 996 146 1052 i
164 1011 254 1056 verso
266 997 295 1054 in
309 995 397 1054 vitam
411 995 573 1053 humanam
585 993 778 1054 incurrentia.
801 994 951 1069 Quicquid
958 1011 996 1053 ex
1004 995 1143 1054 universi

163 1079 379 1140 constitutione
395 1078 570 1154 patiendum
585 1083 640 1149 est,
655 1093 768 1153 magno
780 1079 960 1152 accipiatur
973 1079 1084 1137 animo.
1101 1077 1145 1136 ad

161 1164 222 1224 hoc
237 1169 460 1222 sacramentum
475 1160 575 1221 adacti
595 1178 710 1234 sumus,
731 1163 811 1220 ferre
832 1162 971 1222 mortalia
991 1177 1049 1222 neo
1070 1177 1142 1236 per-

138 1293 139 1298 ,
161 1247 277 1307 turbari
293 1247 339 1320 iis,
365 1261 443 1321 quae
455 1244 552 1304 vitare
566 1260 629 1303 non
644 1252 691 1304 est
705 1253 829 1305 nostrae
845 1245 1015 1320 potestatis.
1043 1246 1077 1304 ln
1092 1260 1136 1303 re

162 1348 223 1406 gno
239 1331 300 1390 nati
315 1345 431 1390 sumus.
461 1329 521 1388 deo
535 1343 645 1403 parere
659 1328 855 1388 libertas'eet.
968 1351 970 1358 ’
1008 1341 1010 1346 ’

130 1423 147 1474 1
228 1413 309 1474 XVI.
333 1413 414 1489 Ergo
436 1413 470 1471 in
492 1412 638 1472 virtute
664 1411 794 1486 posita
817 1419 875 1472 est
896 1428 989 1472 vera
1010 1412 1142 1470 ielici-

162 1505 240 1558 tas:
258 1498 333 1572 quid
349 1497 426 1554 haec
444 1495 563 1568 [virtus]
579 1495 632 1554 tibi
646 1495 808 1555 suadebit?
822 1495 945 1569 nequid
960 1495 1143 1554 autbonum

163 1589 215 1640 aut
231 1583 343 1640 matum
363 1579 529 1652 existimes,
551 1579 635 1653 quod
656 1595 714 1640 neo
728 1579 838 1640 virtute
859 1595 915 1638 nec
932 1579 1046 1638 malitia
1066 1593 1142 1638 con·

161 1664 266 1739 tinget.
288 1662 408 1735 deinde,
429 1669 463 1721 ut
478 1661 522 1722 sis
533 1661 685 1722 inmobilis
701 1669 731 1722 et
747 1667 853 1723 contra
866 1664 976 1722 mulum
992 1661 1144 1735 exnunc,

129 1754 197 1808 aut
212 1763 274 1822 qua
291 1747 337 1806 ias
354 1753 410 1820 est,
426 1747 517 1806 deum
531 1747 670 1820 effingas.
701 1745 779 1820 Quid
794 1745 846 1806 tibi
860 1763 916 1822 pro
931 1745 990 1804 hau
1010 1745 1142 1820 expedi-

162 1831 245 1891 tione
265 1829 429 1905 promittit?
450 1830 584 1904 ingentia
600 1837 630 1888 et
648 1845 748 1905 aequa
766 1829 893 1890 divinis=
915 1829 988 1890 nibil
1009 1829 1144 1903 cogeris,

164 1917 247 1975 nullo
263 1914 424 1988 indigebis,
441 1913 517 1972 iiber
538 1915 608 1987 eris,
627 1919 725 1985 tutus,
747 1913 905 1973 indemnis.
935 1911 1008 1972 nihii
1027 1913 1144 1972 frustra

163 1997 335 2072 temptabis,
356 1997 428 2056 nihii
444 1996 667 2070 prohibeberis
680 1997 789 2058 omnia
801 1997 854 2056 tibi
870 2011 909 2058 ex
925 1996 1076 2056 sententia
1090 2010 1141 2054 ce-

162 2083 245 2140 dcnt.
268 2080 341 2140 nihii
356 2080 519 2139 adversum
534 2078 662 2152 accidet,
686 2080 760 2139 nihii
775 2084 880 2141 contra
904 2079 1078 2154 opinionem
1103 2093 1144 2137 ac

130 2166 358 2224 avolantatem.
384 2162 459 2234 Quid
474 2169 570 2236 ergo?
584 2163 679 2222 virtus
698 2165 738 2222 ad
757 2163 846 2224 beate
868 2164 1032 2223 vivendum
1053 2162 1141 2222 suin·

122 2283 132 2302 .
165 2247 213 2306 cit.
247 2249 382 2320 perfecta
398 2247 448 2304 iila
462 2253 492 2306 et
506 2245 608 2305 divina
630 2247 734 2320 quidni
751 2247 898 2318 sufficiat,
918 2247 1013 2306 immo
1031 2261 1142 2320 super-

164 2329 263 2389 fluat?
279 2329 353 2404 quid
367 2331 447 2389 enim
463 2330 575 2402 deesse
588 2336 690 2405 potest
703 2339 790 2390 extra
804 2329 990 2391 desiderium
1000 2330 1143 2390 ‘omnium

164 2413 287 2488 posito?
309 2413 382 2488 quid
401 2414 591 2474 extrinsecus
612 2429 691 2488 opus
711 2421 759 2472 est
780 2413 818 2487 ei,
839 2413 891 2488 qui
911 2415 1012 2474 omnia
1032 2429 1090 2473 sua
1108 2409 1143 2470 in

146 2513 199 2556 ‘se
215 2498 356 2572 collegite
378 2495 441 2556 Sed
456 2497 492 2570 ei,
517 2498 568 2572 qui
583 2497 623 2556 ad
636 2498 774 2556 virtutem
794 2496 900 2570 tendit,
921 2495 1040 2557 etiamsi
1063 2496 1141 2554 mul-

163 2586 226 2640 tum
243 2581 403 2656 processit,
420 2597 499 2655 opus
512 2589 559 2642 est
570 2581 672 2655 aliqua
683 2581 822 2641 fortunae
836 2580 1023 2654 indulgentia
1038 2579 1144 2640 adhuc

164 2664 241 2724 inter
252 2666 385 2724 humana
399 2664 533 2738 luctanti,
549 2664 620 2724 dum
635 2663 748 2724 nodum
763 2665 844 2724 illum
860 2665 994 2736 exsolvit
1004 2671 1034 2723 et
1049 2677 1143 2723 omne

164 2747 317 2807 vinculum
329 2749 466 2808 mortale.
488 2747 572 2823 4quid
586 2763 659 2822 ergo
680 2746 827 2808 interest?
847 2748 931 2823 qnod
944 2746 995 2808 alii
1014 2745 1142 2820 adligati

164 2836 243 2903 sunt,
266 2829 317 2890 alii
332 2831 477 2903 adstricti,
497 2831 547 2889 aiii
562 2831 696 2890 destricti
711 2839 851 2906 quoquet
873 2829 932 2905 hic,
952 2829 1004 2905 qui
1026 2830 1065 2890 ad
1088 2845 1142 2888 su-

163 2912 287 2987 periora
303 2927 488 2988 progressus
501 2921 547 2972 est
562 2923 593 2974 et
606 2929 641 2974 se
654 2913 746 2974 altius
759 2915 873 2988 extulit,
888 2916 990 2974 laxum
1000 2921 1142 2974 catanam

165 2995 254 3056 trabit
268 2997 402 3058 nondum
417 2997 502 3068 liber,
517 2997 576 3056 iam
592 3003 690 3058 tamen
703 3013 759 3072 pro
775 2999 882 3058 libero.

132 3093 149 3144 1
248 3080 341 3139 XVII.
365 3079 399 3140 Si
415 3081 483 3154 quis
499 3079 602 3154 itaque
617 3097 655 3140 ex
672 3081 749 3154 istis,
764 3082 817 3156 qui
827 3079 1053 3156 philosophiam
1066 3095 1142 3138 con·

166 3165 283 3232 latrant,
301 3164 384 3237 quod
401 3164 509 3244 soient,
527 3163 650 3225 dixerit:
675 3181 821 3240 „quare
836 3179 927 3239 ergo
941 3171 981 3225 tu
994 3163 1143 3224 fortius

165 3247 344 3320 loqueris
367 3263 476 3320 quam
490 3248 613 3307 vivis?
641 3263 735 3322 quare
754 3246 1142 3322 etsupcrioriverbasub-

166 3329 257 3388 mittis
273 3337 303 3388 et
316 3330 477 3404 pecuniam
493 3333 701 3390 necessarium
717 3333 769 3390 tibi
784 3330 1017 3392 instrumentum
1034 3329 1142 3389 existi·

164 3428 230 3471 mas
252 3421 282 3472 ct
301 3413 411 3472 damno
432 3415 564 3473 moveris
589 3421 620 3472 et
641 3415 780 3474 lacrimas
800 3415 903 3474 audita
924 3413 1064 3488 coniugis
1087 3421 1143 3473 aut

164 3495 254 3556 amici
269 3503 364 3558 morte
376 3497 507 3556 demittis
520 3503 550 3556 et
559 3495 689 3570 respicis
705 3497 814 3557 tamam
825 3503 854 3558 et
868 3497 1007 3571 nralignis
1021 3511 1124 3556 sermo
1139 3533 1141 3536 .
