2522 3906
200 259 243 321 32
285 257 386 319 DlAL.
405 257 441 314 ll.
470 257 524 316 AD
541 254 724 315 SERENUM
738 253 813 314 NEC
828 253 1009 313 INlURlAM
1022 253 1097 312 NEC

200 417 275 470 tum
301 406 441 466 dixisset.
486 405 636 463 adversus
661 403 719 463 alia
743 403 902 462 maledicta
926 404 1028 463 mores
1055 411 1085 462 et
1109 403 1188 462 vitia

202 489 450 552 convulnerantia
466 489 572 547 lrontis
593 487 635 547 illi
650 486 775 546 firmitas
791 487 933 560 constitit,
955 489 1106 546 adversus
1122 487 1188 546 hoo

200 585 261 636 tam
277 574 444 634 absurdum
459 570 601 631 lacrimae
616 570 828 646 prociderunt=
857 577 940 630 tanta
955 571 1124 630 animorum
1139 571 1187 628 in·

172 659 348 719 abaciltitas
365 663 425 728 est,
447 655 499 714 ubi
513 656 589 714 ratio
606 655 758 714 discessit.
795 655 873 728 Quid
889 655 972 728 quod
988 653 1185 724 offendimur,

202 743 227 802 si
244 743 312 817 quis
329 755 501 800 sermonem
515 746 654 798 nostrum
669 738 814 810 imitatur,
841 737 867 796 si
884 738 952 812 quis
967 737 1147 812 incessum,
1158 737 1187 796 si

203 827 270 901 quis
287 825 390 884 vitium
405 823 528 896 aliquod
545 823 684 896 corporis
701 829 752 881 aut
767 823 887 896 linguae
903 822 1064 896 exprimit?
1093 820 1187 896 quasi

201 911 319 969 notiora
334 907 386 966 illa
399 907 473 966 liant
487 907 545 966 alio
561 907 693 966 imitante
710 921 800 978 quam
815 906 904 964 nobis
920 904 1110 964 facientibus.
1134 920 1186 964 se-

201 999 352 1052 nectutem
375 991 498 1066 quidam
519 989 604 1048 inviti
622 989 749 1053 audiunt
770 996 800 1048 et
815 1005 909 1048 canos
925 996 955 1048 et
970 987 1029 1048 alia
1046 989 1085 1046 ad
1102 1004 1187 1062 quae

201 1083 273 1136 voto
291 1075 474 1150 pervenitur.
495 1073 684 1148 paupertatis
700 1071 891 1132 maledictum
909 1073 1057 1147 quosdam
1076 1087 1187 1146 perus-

204 1162 250 1229 sit,
274 1175 364 1233 quam
375 1158 438 1223 ¹sibi
454 1157 566 1217 obiecit
581 1156 721 1232 quisquis
737 1155 913 1215 abscondit:
942 1159 1045 1230 itaque
1059 1157 1189 1215 materia

204 1243 407 1318 petulantibus
429 1249 459 1301 et
480 1257 535 1316 per
558 1240 768 1300 contumeliam
795 1239 920 1300 urbanis
947 1238 1128 1312 detrahitur,
1159 1239 1188 1298 si

205 1329 283 1386 ultro
299 1328 380 1384 illam
396 1333 426 1385 et
441 1325 524 1400 prior
535 1341 680 1399 occupes.
703 1325 798 1384 Nemo
813 1323 907 1383 risum
923 1323 1062 1398 praebuit
1078 1323 1190 1396 quiex

176 1421 239 1474 ase
260 1411 349 1489 cepit.
390 1409 561 1480 Vatinium,
591 1408 743 1468 hominem
765 1416 868 1467 natum
886 1417 916 1466 et
935 1408 975 1466 ad
988 1407 1084 1466 risum
1099 1412 1130 1464 et
1146 1406 1188 1464 ad

205 1495 318 1568 odium,
334 1509 471 1552 scurram
487 1493 584 1552 luisse
599 1499 628 1550 et
642 1498 801 1551 venustum
819 1507 854 1550 ac
870 1491 1004 1549 dicacem
1020 1489 1189 1548 memoriae

205 1578 359 1653 proditum
375 1582 430 1634 est.
467 1575 497 1632 in
514 1577 610 1650 pedes
627 1591 702 1634 suos
724 1577 792 1650 ipse
812 1575 941 1650 plurima
961 1571 1081 1634 dicebat
1102 1580 1133 1632 et
1155 1574 1189 1630 in

205 1664 310 1720 lauces
332 1659 483 1718 concisas.
529 1658 574 1717 sic
594 1659 797 1732 inimicorum,
824 1674 903 1733 quos
925 1659 1029 1732 plures
1052 1655 1189 1715 habebat

207 1760 298 1819 quam
311 1743 453 1813 morbos,
476 1748 505 1800 et
519 1743 548 1800 in
564 1741 669 1816 primis
686 1741 840 1802 Ciceronis
855 1741 1054 1801 urbanitatem
1069 1739 1188 1814 effuge-

204 1835 260 1887 rat.
284 1827 316 1886 Si
331 1827 391 1887 hoc
406 1825 504 1900 potuit
518 1825 568 1884 ille
585 1825 695 1886 duritia
714 1827 785 1900 oris,
815 1826 866 1900 qui
883 1825 1020 1884 adsiduis
1036 1823 1188 1884 conviciis

205 1911 361 1986 depudere
376 1909 537 1970 didicerat:
563 1925 616 1968 cur
630 1911 656 1968 is
671 1926 731 1969 non
749 1911 857 1984 possit,
885 1911 936 1984 qui
952 1906 1061 1968 studiis
1076 1907 1189 1966 libera-

204 1995 284 2054 libus
300 2000 329 2052 et
344 1994 512 2068 sapientiae
527 1995 609 2052 cultu
630 1994 668 2052 ad
692 1995 823 2068 aliquem
845 1994 1015 2066 profectum
1036 2005 1189 2066 pervene-

182 2081 261 2140 tritt
295 2077 392 2136 Adice
408 2077 492 2150 quod
507 2092 604 2149 genus
620 2077 742 2138 ultionis
758 2084 804 2136 est
826 2078 945 2151 eripere
960 2077 1004 2150 ei,
1031 2075 1083 2150 qui
1104 2075 1188 2148 lecit,

206 2164 304 2220 iactae
320 2157 521 2240 contumeliae
537 2161 733 2234 voluptatem.
769 2163 869 2221 solent
890 2161 1007 2238 dicere:
1032 2175 1071 2232 „0
1093 2159 1189 2218 mise-

205 2261 272 2304 rum
292 2251 355 2302 me!
379 2251 464 2317 puto,
480 2259 540 2303 non
556 2245 737 2305 intellexit‘:
757 2245 835 2304 adeo
851 2247 967 2303 fructus
984 2243 1190 2302 contumeliae

207 2329 235 2386 in
253 2343 348 2387 sensu
362 2335 391 2386 et
406 2327 614 2401 indignatione
630 2328 770 2403 patientis
786 2336 841 2388 est.
877 2327 995 2388 Deinde
1009 2342 1070 2385 non
1089 2327 1191 2385 deerit

206 2412 247 2470 illi
263 2408 428 2486 aliquando
446 2427 509 2484 par.
533 2413 703 2472 invenietur
719 2414 768 2486 qui
788 2420 815 2472 te
835 2427 959 2488 quoque
971 2409 1127 2470 vindicat..

177 2501 191 2552 1
265 2495 372 2554 XVlll.
395 2495 425 2556 C.
442 2495 555 2555 Caesar
570 2495 647 2554 inter
662 2504 763 2555 cetera
777 2497 857 2568 vitia,
874 2497 986 2570 quibus
1001 2495 1188 2572 abundabat,

207 2579 443 2640 contumeliosus
459 2579 633 2638 mirabiliter
648 2579 800 2639 terebatur
818 2579 916 2638 omnis
932 2579 1034 2652 aliqua
1055 2584 1128 2637 nota
1144 2579 1156 2636 l
1176 2610 1189 2620 -

205 2663 312 2734 nendi,
328 2661 397 2736 ipse
411 2663 536 2722 materia
550 2665 631 2722 risus
650 2662 884 2736 benignissima:
905 2669 988 2722 tanta
1002 2661 1043 2720 illi
1059 2662 1188 2736 palloris

205 2746 355 2808 insaniam
380 2748 519 2804 testantis
546 2747 676 2806 foeditas
709 2755 790 2820 erat,
825 2754 904 2806 tanta
937 2746 1095 2806 oculorum
1129 2746 1191 2804 sub

206 2831 305 2888 fronte
326 2825 398 2886 anili
420 2829 574 2889 latentium
590 2831 732 2903 torvitas,
757 2837 839 2890 tanta
865 2830 972 2904 capitis
999 2829 1134 2889 destituti
1159 2836 1193 2888 et

207 2910 405 2970 emendicatis
421 2913 538 2985 capillis
556 2913 699 2988 adspersi
714 2913 901 2974 deformitas.
922 2913 1009 2972 adice
1025 2913 1191 2972 obsessam

207 2995 282 3054 setis
298 2995 449 3054 cervicem
465 3002 494 3052 et
515 2995 677 3056 exilitatem
701 3014 822 3057 crurum
847 3005 877 3056 et
902 2997 1110 3056 enormitatem
1136 3011 1191 3070 pe-

207 3079 288 3137 dum.
325 3079 498 3137 Inmensum
513 3087 573 3154 est,
596 3081 623 3139 si
642 3081 733 3140 velim
754 3081 875 3156 singula
888 3082 1015 3152 referre,
1035 3095 1092 3154 per
1108 3095 1190 3154 quaa

206 3163 237 3220 in
255 3170 396 3236 parentes
412 3177 551 3236 avosque
567 3180 642 3224 suos
665 3165 904 3224 contumeliosus
926 3165 994 3236 luit,
1025 3179 1081 3238 per
1107 3178 1191 3238 quae

206 3245 236 3302 in
252 3245 414 3305 universos
431 3246 571 3306 ordines=
598 3264 635 3308 ea
654 3249 798 3318 referam,
826 3265 905 3323 quae
926 3249 1009 3308 illum
1024 3248 1118 3306 exitio
1136 3247 1192 3306 de·v

178 3329 324 3390 lderunt.
359 3330 526 3389 Asiaticum
544 3332 699 3391 Valerium
728 3333 758 3390 in
783 3331 888 3406 primis
914 3331 1020 3390 amieis
1045 3330 1189 3404 habebat,

206 3414 339 3472 ferocem
356 3415 451 3473 virum
473 3421 502 3472 et
523 3415 574 3474 vix
599 3431 698 3490 aequo
720 3416 821 3474 animo
844 3417 960 3474 alienas
986 3414 1190 3474 contumelias

205 3497 344 3557 laturum.
379 3499 450 3558 huic
466 3499 495 3557 in
512 3498 670 3583 convivio,
692 3499 761 3557 item
776 3500 805 3557 in
822 3499 972 3558 concione
989 3513 1066 3558 voce
1084 3499 1194 3557 claris-
