2528 3906
173 220 236 284 158
352 219 386 278 L.
407 217 554 277 ANNAEI
576 215 751 276 SENECAE
774 215 874 276 DIAL.
896 217 962 276 vll.

144 390 163 445 a
178 371 309 448 Sapiens
324 371 438 430 nullum
452 367 610 426 denarium
625 367 703 425 intra
715 365 807 424 limen
821 382 909 426 suum
921 367 1057 428 admittet
1071 369 1156 427 male

174 462 343 521 intrantem.
366 453 446 512 idem
465 465 591 525 nragnas
606 465 693 524 opes,
714 465 823 509 munus
845 451 984 510 fortunae
1004 452 1150 512 fructum-

176 556 237 619 que
253 539 379 609 virtulis,
401 551 462 596 non
477 533 651 610 repudiabit
664 547 720 591 nec
735 533 887 593 excludet.
909 534 988 608 Quid
1007 536 1088 594 enirn
1103 543 1154 596 est

176 638 271 702 quare
286 619 345 682 illis
356 620 439 680 bono
460 619 528 678 loco
544 617 696 676 invideatr
714 617 845 691 veniant,
866 617 1066 692 hospitentur.
1093 633 1155 678 nec

175 705 297 769 iactabit
311 705 377 764 illas
397 718 454 762 nec
475 701 658 761 abscondet=
681 701 807 760 alterum
827 701 961 760 infruniti
983 701 1074 762 animi
1093 709 1153 776 est,

176 795 301 852 alterum
316 786 410 849 limidi
422 793 453 846 et
463 785 565 860 pusilli
584 785 668 844 velut
683 799 824 859 magnum
836 784 948 844 bonum
961 786 1151 846 intrasinum

114 891 116 894 ·
142 872 368 943 leontinentis.
398 884 465 943 nec,
481 876 513 930 ut
528 868 601 930 dixi.
620 867 709 927 eiciet
722 867 822 927 illnse
844 868 946 928 domo.
976 870 1050 944 quid
1071 869 1154 928 enim

176 959 279 1020 dicet‘t
299 961 438 1017 utrumne
457 953 604 1027 „inutiles
617 951 726 1016 ¹estis“
740 967 777 1010 an
803 966 887 1026 „ego
909 953 951 1011 uti
968 953 1080 1012 divitiis
1098 967 1152 1012 ne·

176 1041 290 1104 sciot“
319 1031 580 1113 Quemadmodum
605 1035 695 1095 etiam
716 1033 846 1109 pedibus
872 1036 937 1095 suis
959 1037 1070 1110 poterit
1096 1035 1156 1096 iter

177 1124 337 1196 conficere,
360 1120 527 1181 escendere
542 1127 642 1180 tamen
658 1118 830 1178 vehiculum
843 1121 947 1180 unslet:
963 1119 1008 1179 sic
1024 1135 1153 1194 pauper,

177 1209 204 1270 si
219 1207 349 1282 potuerit
364 1219 435 1264 esse
450 1204 546 1277 dives,
568 1203 657 1276 volet,
675 1209 705 1262 et
718 1201 842 1262 habebit
862 1203 965 1277 itaque
986 1219 1073 1278 opes,
1096 1202 1154 1262 sed

176 1301 331 1364 tamquam
347 1290 430 1348 leves
446 1294 476 1347 et
496 1287 681 1346 avolaturus.
712 1299 768 1344 nec
783 1285 835 1345 ulli
856 1287 904 1344 alii
928 1301 983 1346 nec
1005 1286 1064 1346 sibi
1084 1301 1155 1361 gra·

149 1379 233 1436 aves
246 1389 318 1434 esse
331 1373 467 1448 patietur.
489 1370 589 1443 Quid?
603 1367 748 1430 donabit?
762 1370 883 1446 [ereda]
897 1369 1038 1430 erexistis
1051 1385 1157 1430 aures.

178 1460 253 1535 quid
269 1456 420 1531 expeditis
436 1455 555 1514 sinum?
574 1452 701 1512 donabit
711 1459 762 1512 aut
778 1451 867 1513 bonis
882 1454 999 1527 auleis,
1014 1470 1095 1527 quos
1111 1453 1154 1511 fa·
1258 1499 1259 1532 ,

178 1558 248 1603 cere
264 1541 375 1616 poterit
388 1540 498 1599 bonos.
529 1537 655 1596 donabit
668 1552 737 1595 cum
752 1552 869 1596 summo
885 1537 1013 1596 consilio
1036 1537 1155 1611 dignis-

178 1626 273 1686 simos
289 1624 415 1697 eligens,
436 1618 542 1694 utqui
563 1620 731 1679 meminerit
752 1626 812 1679 tam
833 1635 1040 1694 expensorum
1062 1635 1156 1695 quarn

178 1714 375 1783 acceptorum
388 1704 535 1766 rationem
556 1719 627 1762 esse
641 1703 838 1764 reddendam.
864 1704 989 1763 donabit
1008 1719 1049 1762 ex
1069 1709 1157 1764 recta

178 1800 208 1852 et
224 1788 375 1866 probabili
388 1805 491 1850 causa.
514 1804 582 1846 nam
598 1787 676 1846 inter
696 1793 800 1861 turpes
815 1785 947 1848 iacturas
962 1789 1074 1847 malum
1089 1804 1155 1846 mu-

178 1892 236 1937 nus
252 1881 313 1935 est:
335 1873 458 1934 habebit
472 1872 573 1932 sinum
596 1870 723 1943 facilem,
744 1885 804 1928 non
820 1873 1015 1946 perforatum,
1037 1888 1075 1932 ex
1092 1887 1155 1946 quo

149 1963 152 1972 '
178 1960 272 2021 multa
285 1965 396 2017 exeant
411 1963 442 2016 et
455 1956 527 2015 nihil
543 1955 672 2014 excidat.

147 2053 163 2106 1
261 2041 368 2102 XXIV.
390 2040 516 2111 Errat,
539 2039 571 2096 si
593 2038 679 2110 quis
695 2037 1063 2098 existimatfacilem
1079 2053 1155 2097 rem

179 2141 269 2186 esse
284 2125 446 2184 donare:
470 2121 629 2196 plurimum
650 2123 709 2179 ista
723 2137 773 2180 res
788 2120 881 2182 habet
900 2121 1103 2192 dil'licultatiS,
1127 2119 1156 2180 si

179 2209 272 2269 modo
294 2205 423 2267 consilio
445 2203 597 2276 tribuitur,
625 2219 686 2263 non
709 2219 785 2264 casu
808 2212 838 2264 et
865 2205 970 2280 inpetu
990 2205 1156 2280 spargitur.

177 2293 266 2352 Hunc
281 2304 467 2364 promereor,
489 2289 530 2348 illi
545 2288 652 2348 reddo.
679 2287 749 2348 huic
770 2301 937 2364 succurro,
957 2288 1048 2349 huius
1064 2288 1156 2348 mise-

178 2391 258 2436 reor.
291 2375 374 2435 illum
390 2373 506 2433 instruo
522 2373 644 2448 dignum
662 2387 753 2446 quem
767 2389 828 2432 non
844 2373 976 2432 deducat
986 2380 1155 2448 paupertas

179 2474 237 2522 nec
251 2463 432 2537 occupatum
447 2463 557 2516 teneat.
574 2455 757 2530 quibusdam
770 2471 833 2516 non
844 2455 934 2529 dabo,
948 2457 1089 2531 quamvis
1102 2457 1155 2514 de·
1257 2501 1258 2506 ,

180 2543 233 2616 sit,
259 2543 345 2618 quia,
375 2540 492 2601 etiamsi
513 2540 643 2612 dedero,
673 2537 729 2598 erit
754 2539 933 2600 defuturum.
969 2539 1155 2614 quibusdam
1257 2573 1258 2616 ,

180 2627 316 2698 offeram,
331 2624 513 2700 quibusdam
529 2623 618 2683 etiam
631 2623 803 2684 inculcabo.
827 2639 889 2683 non
903 2639 1032 2698 possum
1049 2621 1079 2682 in
1096 2622 1154 2680 hac
1257 2669 1258 2702 ,

179 2725 213 2770 re
228 2725 299 2782 esse
314 2709 487 2782 neglegens.
517 2723 681 2781 numquam
697 2706 794 2781 magis
809 2706 931 2767 nomina
949 2706 1038 2778 facio,
1062 2721 1155 2782 quam
1257 2745 1258 2768 t

152 2805 251 2858 scum
266 2793 358 2852 dono.
387 2791 505 2864 „Quina
518 2798 558 2863 tu,
575 2789 687 2864 inquis,
704 2798 884 2864 recepturus
901 2791 1040 2852 donasl“
1062 2791 1155 2849 immo
1257 2777 1258 2801 ¹

180 2892 242 2936 non
257 2875 447 2950 perditurus=
467 2889 504 2933 eo
519 2876 588 2932 loco
605 2874 644 2933 sit
658 2873 791 2947 donatio,
810 2873 891 2934 unde
905 2875 1002 2950 repeti
1024 2890 1084 2933 non
1102 2873 1154 2932 do-

179 2959 259 3033 beat,
280 2957 369 3017 reddi
391 2957 499 3032 possit
531 2957 713 3017 beneficium
735 2958 926 3031 conlocetur,
954 2959 1153 3034 quemadmo-

180 3045 253 3102 dum
267 3042 429 3102 thesaurus
444 3042 504 3100 alte
519 3041 655 3113 obrutus,
673 3055 763 3115 quem
777 3056 839 3102 non
859 3056 965 3114 eruas,
987 3039 1046 3101 nisi
1067 3040 1156 3101 fuerit

149 3139 319 3194 successe.
346 3124 444 3198 Quina
458 3126 567 3184 domus
579 3123 648 3198 ipsa
662 3123 764 3184 divitis
777 3124 831 3184 viri
844 3132 988 3200 quantam
1000 3125 1092 3185 habet
1102 3124 1155 3183 be-

105 3269 116 3286 ,
179 3209 351 3270 nefaciendi
365 3209 545 3270 materiam?
577 3207 650 3282 Quis
665 3207 745 3268 enim
759 3208 968 3270 liberalitatem
982 3216 1098 3270 tantum
1114 3207 1153 3266 ad

178 3300 300 3367 togatos
315 3299 426 3353 vocat?
450 3289 623 3352 hominibus
645 3292 796 3366 prodesse
816 3300 924 3353 natura
942 3310 989 3355 me
1008 3293 1100 3364 iubet,
1124 3292 1161 3352 et

180 3377 263 3436 servi
277 3375 404 3438 liberine
419 3375 479 3434 sint
493 3375 533 3447 hi,
550 3375 672 3450 ingenui
686 3392 725 3436 an
741 3373 879 3451 libertini,
894 3379 993 3438 iustae
1006 3375 1153 3436 libertatis

181 3477 220 3519 an
235 3461 314 3520 inter
327 3458 443 3518 amicos
459 3457 556 3532 datae,
578 3459 652 3533 quid
665 3459 777 3518 refert?
791 3457 975 3535 ubicumque
989 3460 1082 3521 homo
1098 3467 1155 3524 est.
