2528 3906
191 247 246 308 Ab
268 214 492 316 onmrounu
512 245 564 308 os
584 245 678 304 vnn
699 247 839 306 esnrn.
862 256 982 310 ιιι-ιι.
1026 247 1089 314 157

106 405 143 458 et
160 396 249 458 exilis
270 412 401 471 corpore
423 397 601 469 [acamisso
618 398 718 469 oculo]
736 399 860 470 valebit,
883 399 974 461 malet
987 409 1088 462 tamen

109 481 170 542 sibi
187 497 258 540 esse
273 479 413 556 corporis
428 481 532 552 robur,
549 487 579 540 et
593 480 652 538 hoc
666 481 722 553 ita,
737 489 771 540 ut
785 483 861 542 sciat
874 499 946 543 esse
959 486 1041 544 aliud
1056 485 1087 545 in

104 581 146 624 se
161 565 320 626 valentius.
355 565 466 624 malam
484 563 682 624 valitudinem
698 564 851 636 tolerabit,
873 567 984 626 bonam
1000 575 1085 642 opta·
1147 575 1150 580 '

107 649 161 708 bil.
196 648 349 724 quaedam
368 649 463 720 enim,
484 647 602 710 ehamsi
622 647 653 706 in
674 663 822 707 summam
837 650 882 708 rei
897 666 993 724 parva
1008 654 1115 726 sunta

107 731 185 804 [ait]
202 739 232 794 et
246 730 378 792 subduci
391 731 459 795 siae
473 731 561 793 ruina
575 731 752 806 principalis
767 731 839 790 honi
856 741 1000 808 possunt,
1022 735 1086 794 adi-
1144 775 1147 797 .

106 815 194 874 ciunt
209 823 309 876 tamen
331 815 446 888 aliquid
466 814 507 874 ad
525 821 703 890 perpetuam
721 815 864 876 laetitiam
879 824 964 876 etex
978 817 1087 878 virtute

106 905 302 960 nascentem:
324 897 370 958 sic
390 897 472 958 illum
494 898 641 960 adiiciunt
661 898 783 958 divitiae
798 906 828 959 et
844 899 1028 974 exhilarant,
1054 910 1087 960 ut

105 983 304 1056 navigantem
326 981 481 1042 secundus
502 988 534 1043 et
548 982 649 1042 serens
665 989 789 1054 ventus,
813 991 846 1044 ιιι
860 984 926 1044 dies
941 984 1041 1045 bonus
1057 993 1087 1045 et

103 1067 137 1124 in
153 1065 261 1124 bruma
275 1080 312 1124 ac
327 1063 441 1139 frigore
455 1065 579 1139 apricus
594 1065 692 1126 Iocus.
709 1066 782 1139 QuIs
799 1082 889 1140 porro
905 1069 1116 1142 sapientum,4

105 1147 283 1210 nostrorum
304 1147 389 1221 dico,
416 1149 527 1222 quibus
549 1165 642 1208 unum
662 1155 710 1208 est
729 1150 843 1208 bonum
859 1153 969 1224 virtuS,
996 1159 1087 1226 negat

102 1233 199 1292 etiam
225 1231 317 1304 hacc,
346 1247 424 1305 quae
450 1231 654 1294 indifferenna
677 1249 840 1306 vocamus,
865 1233 980 1293 habere
1000 1235 1029 1294 in
1052 1251 1086 1295 se

105 1315 225 1390 aliquid
246 1313 334 1390 pretii
355 1321 385 1374 ct
406 1315 465 1380 alia
490 1315 557 1376 aliis
578 1331 650 1376 esse
672 1317 810 1390 potiorar
842 1318 1025 1390 quibusdam
1047 1333 1086 1376 ex

104 1399 145 1458 iis
160 1399 301 1460 tribuitur
315 1399 431 1473 aliquid
443 1399 577 1472 honoris
594 1398 775 1473 quibusdam
789 1402 923 1460 multum.
944 1402 988 1459 Ne
1000 1417 1085 1459 erres

104 1483 227 1558 itaque,
252 1483 330 1542 inter
350 1481 471 1556 potiora
490 1481 613 1544 divitiae
628 1491 708 1543 sunt.
740 1483 839 1556 „Quid
858 1499 947 1559 ergo,
970 1484 1113 1558 inquisti

103 1582 157 1629 me
172 1566 312 1640 derides
330 1581 399 1626 cum
415 1565 555 1626 eumdem
570 1567 653 1640 apud
668 1573 698 1626 te
712 1567 812 1628 Iocum
826 1565 971 1640 habeant,
993 1584 1085 1642 quem

102 1650 191 1726 apud
202 1655 297 1710 mel“
319 1650 377 1710 Vis
391 1649 479 1724 scire,
496 1666 586 1722 quam
599 1667 660 1710 non
671 1649 803 1710 habeant
813 1652 952 1711 eumdem
964 1653 1086 1712 looumt
1131 1649 1132 1652 ’

104 1733 180 1794 mihi
195 1731 320 1794 divitiae
335 1733 361 1792 si
378 1732 561 1805 effluxerint,
577 1731 651 1792 nihil
666 1735 803 1800 aulerent
817 1733 873 1794 nisi
887 1737 1084 1808 semetipsam

103 1824 139 1878 tu
154 1815 295 1892 stupebis
315 1824 346 1877 ct
363 1817 517 1879 videberis
538 1815 591 1876 tibi
607 1816 673 1876 sine
688 1824 718 1876 te
732 1815 870 1889 relictus,
891 1818 918 1876 si
939 1819 1008 1876 illae
1023 1835 1041 1876 a
1055 1825 1085 1876 te

105 1900 303 1962 recesserint.
342 1901 426 1975 apud
454 1916 503 1960 mc
531 1898 654 1960 divitiae
681 1901 938 1974 aliqucmlocum
962 1899 1083 1970 habent,

103 1984 193 2058 apud
211 1991 242 2042 te
258 1999 409 2044 summum
430 2001 466 2043 aa
481 1990 678 2058 postremum.
708 1981 830 2042 divitiae
844 1998 930 2042 meae
946 1991 1030 2054 sunt,
1053 1991 1084 2042 tu
1112 1980 1115 1992 '

103 2067 282 2126 divitiarum
297 2082 341 2126 es.

169 2149 276 2224 XXIII.
298 2149 411 2210 Desine
435 2166 508 2224 ergo
525 2149 718 2225 philosophis
738 2149 869 2224 pecunia
891 2149 1112 2212 interdIoererl

104 2249 198 2294 nemo
214 2232 395 2310 sapientiam
409 2241 588 2308 paupertate
603 2234 766 2316 damnavit.
802 2233 932 2292 Habebit
947 2231 1085 2307 philoso-

104 2317 190 2396 phus
202 2317 320 2393 amplas
332 2333 419 2392 opes,
436 2317 492 2376 sed
504 2317 577 2380 nulli
592 2317 744 2378 detractas
757 2332 813 2376 nec
825 2317 923 2376 alieno
936 2315 1084 2390 sanguiue

103 2407 266 2475 cruentae,
295 2400 362 2460 sine
384 2401 562 2474 culusquam
587 2400 694 2460 iniuria
714 2407 833 2474 partas,
862 2400 928 2459 sine
949 2399 1085 2458 sordidis·

105 2483 299 2558 quaestibus,
321 2499 450 2558 quarum
463 2490 524 2548 tam
539 2484 686 2546 honestus
701 2483 741 2542 sit
754 2484 854 2542 exitus
871 2497 966 2556 quam·
981 2480 1084 2540 introi-

105 2577 167 2641 tae,
190 2566 300 2642 quibus
317 2583 405 2627 nemo
421 2567 600 2642 ingemiscat
621 2567 678 2626 nisi
699 2566 858 2639 malignus.
887 2565 916 2622 in
940 2570 1084 2637 quantum

104 2650 155 2710 vis
181 2665 336 2726 exaggera
358 2651 443 2712 illese
465 2651 614 2712 honestae
636 2656 714 2722 sunt,
734 2649 763 2708 in
781 2648 893 2723 quibus
908 2663 977 2706 cum
990 2648 1085 2706 multa

106 2735 179 2808 sint,
204 2749 285 2808 quae
306 2751 361 2794 sua
384 2734 516 2808 quIsqne
537 2734 598 2794 dici
619 2735 705 2806 velit,
725 2731 798 2792 nibil
820 2738 876 2804 est,
898 2731 981 2803 quod
1001 2729 1083 2804 qule-

105 2834 200 2894 quam
215 2834 306 2880 suum
320 2818 421 2893 possit
433 2818 546 2878 dicere.
567 2817 620 2876 Ille
634 2833 708 2876 vero
722 2817 861 2876 fortunae
871 2812 1115 2888 benIgnnatema

105 2919 125 2960 a
143 2917 179 2960 se
195 2917 256 2960 non
272 2900 467 2963 submovebit
489 2908 519 2962 et
533 2900 713 2976 patrimonIo
730 2916 785 2974 per
800 2899 929 2958 honesta
944 2897 1084 2972 quaesito

107 3000 166 3044 nec
180 2983 359 3060 gloriabitur
373 2999 430 3046 nec
449 2985 620 3046 erubescet.
648 2984 771 3044 habebit
789 2991 890 3044 tamen
912 2982 999 3042 etiam
1022 2998 1084 3056 quo

106 3066 263 3144 glorietur,
288 3067 315 3126 si
329 3076 435 3144 aperta
450 3069 541 3130 domo
556 3076 587 3131 et
602 3068 737 3128 admIssa
759 3069 787 3126 ln
799 3083 851 3132 res
871 3081 945 3126 suas
966 3065 1086 3124 civitate

107 3152 221 3227 poterit
234 3149 352 3212 dicere:
374 3153 481 3226 „quod
497 3153 626 3227 quisque
641 3153 807 3226 agnoverit,
828 3151 941 3210 tollat.“
977 3147 1000 3208 Ο
1022 3165 1084 3208 ma-

106 3251 202 3309 gnum
221 3234 328 3308 virum,
344 3235 456 3310 optime
468 3237 599 3308 divitem,
617 3236 641 3296 si
656 3241 727 3308 post
741 3233 820 3295 hanc
834 3249 942 3294 vocem
956 3239 1085 3293 tantum·

107 3319 179 3378 dem
201 3317 356 3378 habuerit!
379 3319 419 3378 ita
440 3319 518 3391 dico,
539 3321 565 3380 si
586 3325 649 3380 tuto
671 3327 700 3379 et
720 3331 847 3378 securus
870 3313 1086 3376 scrutationem

111 3401 228 3475 populo
246 3401 428 3475 praebuerit,
449 3403 475 3462 si
491 3402 563 3462 nihil
578 3401 739 3476 quisquam
755 3401 838 3475 apud
859 3400 942 3459 illum
963 3400 1086 3458 invene-

109 3487 157 3554 rit,
177 3502 241 3560 quo
263 3501 370 3546 inanus
387 3484 496 3558 iniciat,
519 3486 664 3546 audacter
682 3491 712 3544 et
733 3486 891 3560 propalam
912 3482 967 3541 erit
987 3477 1087 3537 diues.
