2528 3906
274 263 429 330 lilithv.
458 269 510 331 DE
524 263 592 331 lah
607 271 679 332 tiit.
693 271 743 331 ΙΙΙ.
757 280 878 337 at-al.
1006 275 1071 338 105

82 422 168 482 haec
195 429 244 482 est
264 420 414 496 sanguine
434 429 540 483 nostro
562 421 705 482 delibuta.
741 430 866 498 propter
891 423 970 485 hanc
991 443 1068 486 uxo

7 569 8 576 ,
84 522 157 566 rum
182 506 421 582 maritorumque
441 512 548 566 noctes
569 512 709 580 strepunt
732 505 835 566 lilibus
857 513 888 566 et
907 508 1069 569 tribunalia

7 643 8 648 ,
86 590 322 664 magistratuum
337 589 447 664 premit
459 589 557 662 turba,
572 603 663 663 reges
679 589 820 649 saeviunt
833 591 1018 667 rapiuntque
1037 601 1067 652 et

7 703 8 720 2
87 673 230 732 civitates
246 673 336 748 longo
354 673 526 734 seculorum
542 673 648 732 labore
665 677 856 733 conslmetas
871 681 1018 746 evertunt,
1034 685 1067 736 ul

88 771 198 818 aurum
214 763 434 832 argentumque
450 755 482 817 in
503 755 605 815 cinere
631 755 751 817 urbium
765 761 953 816 scrutentur.
980 757 1102 824 Libete

87 827 199 899 intueri
220 839 316 900 fiscos
335 840 365 900 in
386 839 669 914 angulotacentes=
696 839 727 898 hi
749 845 820 900 sunt
840 847 965 915 propter
987 857 1065 915 quos

86 923 171 983 oculi
188 925 321 982 clamore
343 923 559 998 exprimantur,
581 921 700 982 hemitu
719 922 900 985 iudiciorum
919 924 1066 985 basilicae

84 1009 246 1080 resonent,
267 1007 385 1066 evocati
401 1021 441 1065 ex
454 1005 630 1081 longinquis
651 1005 827 1082 regionibus
842 1007 961 1067 iudices
977 1009 1064 1068 sede-

86 1094 141 1150 ant
155 1089 330 1162 iudicaturi,
350 1087 448 1150 utrius
466 1088 573 1150 iustior
588 1089 713 1150 avaritia
731 1089 779 1150 sit.
809 1090 884 1166 Quid
901 1091 927 1150 si
942 1107 981 1151 ne
996 1106 1103 1166 pro-s

86 1169 157 1248 pter
167 1172 278 1232 fiscum
291 1173 422 1248 quidem,
431 1173 487 1234 sed
495 1187 630 1248 pugnum
637 1173 717 1234 aeris
729 1179 781 1234 aut
791 1175 960 1248 inputatum
972 1191 990 1233 a
1002 1190 1064 1234 ser-

86 1271 129 1316 vo
145 1257 304 1317 denarium
326 1271 422 1316 senex
445 1257 511 1317 sine
531 1255 645 1316 herede
663 1257 825 1317 moriturus
847 1258 1005 1319 stomacho
1021 1258 1064 1317 di·

85 1339 263 1415 rumpitur!
291 1339 364 1414 quid
384 1339 411 1400 si
427 1347 552 1416 propter
566 1338 714 1400 usuram*
729 1347 782 1400 eut
801 1341 999 1400 milensimam
1015 1357 1066 1400 va-

85 1423 281 1484 litudinarios
297 1421 450 1484 lenerator
461 1422 596 1484 distortis
611 1423 742 1498 pedibus
754 1431 784 1484 et
795 1423 981 1484 manibusad
993 1439 1064 1484 con-

85 1508 261 1584 parendum
282 1521 343 1568 non
364 1515 492 1568 retentus
515 1509 679 1567 clamatae
701 1523 756 1582 per
776 1506 950 1568 vadimonia
977 1523 1065 1567 asses

86 1607 165 1651 suos
180 1591 210 1650 in
226 1591 305 1666 ipsis
319 1589 416 1650 morbi
432 1589 662 1651 accessionibus
676 1591 831 1652 vindicati
846 1589 879 1651 Si
893 1597 986 1651 lotam
993 1591 1064 1650 mihi
1081 1604 1103 1650 s

87 1691 127 1734 ex
141 1675 285 1736 omnihus
301 1673 439 1748 metallis,
456 1687 619 1750 quaecum
635 1675 766 1744 maxime
783 1675 989 1752 deprimimus,
1011 1691 1063 1750 pe-

87 1759 209 1819 cuniam
218 1760 367 1834 proferas
383 1757 455 1818 siin
470 1757 603 1820 medium
617 1757 752 1833 proicias
768 1757 916 1834 quicquid
927 1759 1063 1819 thesauri

86 1841 1063 1917 leguutavariliaiterumsubterrasrelerente,quaemaleeges-

87 1932 185 1986 serat=
207 1923 427 1988 omuemistam
444 1925 617 2000 congeriem
633 1941 694 1984 non
717 1931 819 2000 putem
840 1924 962 2000 dignam
984 1941 1063 1999 quae

87 2009 218 2070 frontem
237 2008 296 2070 viri
316 2010 389 2071 boni
409 2009 575 2070 contrahat.
616 2007 733 2081 Quanto
754 2009 819 2069 risu
845 2008 1063 2084 prosequenda

86 2101 160 2152 sunt
175 2109 255 2168 quae
272 2094 361 2155 nobis
376 2093 517 2152 lacrimas
533 2092 687 2152 educuntl
730 2159 731 2166 ἵ
936 2107 941 2114 ”

146 2175 282 2236 XXXIV.
312 2177 393 2238 cedo
409 2190 499 2250 nunc,
515 2191 704 2252 persequere
719 2181 831 2251 cetera,
853 2177 948 2250 cibos,
967 2177 1096 2252 potio-1

87 2275 144 2320 nes
156 2259 432 2336 horumquecausa
446 2260 795 2334 paratamambilionem,
811 2261 982 2334 munditiae,
997 2276 1062 2320 ver·

85 2343 142 2416 ba,
166 2343 380 2417 contumelias,
402 2351 502 2404 motus
520 2359 682 2418 corporum
696 2359 804 2420 parum
826 2345 1013 2406 honorillcos
1034 2352 1064 2404 et

86 2425 295 2500 suspiciones,
311 2433 341 2486 et
351 2425 541 2486 contumacia
556 2426 687 2488 iumenta
702 2436 732 2488 et
745 2428 832 2502 pigra
845 2429 1003 2502 mancipia,
1018 2426 1063 2486 in·-

86 2509 322 2584 lerpretaliones
337 2510 486 2586 malignos
501 2510 588 2571 vocis
604 2511 729 2583 alienae,
751 2511 862 2586 quibus
877 2511 1015 2582 allicitur,
1031 2517 1064 2569 ul

85 2593 166 2652 iuter
185 2591 312 2653 iniurias
335 2593 484 2674 [naturae]
504 2603 679 2655 numeretur
699 2609 800 2653 sermo
820 2591 935 2654 homini
956 2595 1062 2652 delusz

86 2675 180 2736 crede
195 2675 277 2750 mihi,
293 2678 373 2738 levia
388 2685 458 2739 sunl
468 2685 594 2754 propter
611 2692 690 2752 quae
707 2692 768 2736 non
783 2677 891 2736 leviter
910 2677 1063 2736 excande-

85 2760 213 2832 scimus
230 2763 331 2836 qualia
339 2777 418 2838 quae
427 2777 541 2836 pueros
556 2761 586 2820 in
602 2761 700 2819 rixam
714 2767 744 2820 et
757 2758 886 2834 iurgium
902 2761 1061 2820 concitant.

84 2843 165 2903 Nihil
184 2861 225 2903 ex
245 2845 293 2903 his
316 2861 396 2920 quoe
415 2853 476 2906 tam
496 2845 598 2904 trislcs
619 2843 753 2918 agimus,
774 2842 888 2902 serium
909 2850 970 2915 est,
990 2842 1099 2904 nihile

85 2941 247 3002 magnum=
261 2929 342 3002 inde,
354 2929 487 3002 inquam,
501 2927 591 2988 vobis
602 2928 647 2986 ira
662 2934 691 2986 et
704 2927 823 2986 insanio
834 2934 890 3000 est,
904 2927 988 3002 quod
999 2927 1062 2986 exi-

86 3025 148 3083 gua
162 3025 275 3084 magno
290 3011 467 3072 aestimatis.
500 3011 631 3071 Auferre
645 3010 694 3069 hic
709 3011 780 3069 mihi
795 3011 993 3070 hereditatem
1007 3027 1061 3070 vo·

86 3091 150 3152 luit.
181 3094 231 3152 hic
251 3109 300 3152 me
315 3094 366 3154 diu
380 3095 410 3154 in
426 3109 514 3170 spem
528 3109 702 3168 supremam
719 3093 903 3170 captatus**
922 3093 1061 3153 crimina·

86 3184 136 3236 tus
156 3185 212 3236 est.
241 3175 291 3237 hic
312 3184 447 3239 scortum
467 3193 568 3238 meum
584 3177 769 3252 concupivit.
800 3177 887 3252 Quod
909 3178 1098 3242 vinculum3

86 3261 200 3320 amoris
216 3277 288 3320 esse
300 3259 439 3336 debebat,
455 3261 613 3322 seditionis
628 3261 789 3336 alqueodii
802 3276 896 3321 causa
911 3267 967 3334 est,
981 3261 1062 3320 idem

87 3343 174 3402 velle.
200 3343 262 3403 Iter
272 3350 436 3419 angustum
450 3345 534 3404 rixas
544 3345 764 3404 transeuntium
779 3345 926 3406 concitata
948 3343 1062 3404 diffusa

86 3434 117 3484 el
134 3427 193 3485 late
208 3435 318 3502 patens
335 3429 384 3487 vie
398 3445 437 3488 ne
454 3429 586 3503 populos
602 3427 725 3502 quidem
740 3429 862 3488 collidit.
897 3429 959 3486 isla
982 3441 1063 3498 quae

85 3509 240 3584 adpetitis,
264 3511 336 3586 quia
351 3514 462 3586 exigua
477 3518 548 3572 sunt
565 3527 622 3571 nec
642 3519 775 3586 possunt
794 3512 834 3569 ad
854 3511 980 3569 alterum
1003 3505 1062 3562 nisi
