2528 3906
263 137 364 234 oran.
387 177 425 233 v.
469 175 521 234 nn
541 176 610 234 nm
629 175 702 235 ma
723 176 772 234 ιιι.
797 186 913 240 12-14.
1033 178 1073 241 ot

95 347 188 392 suam
210 329 329 404 experti
351 343 460 404 parere
481 328 559 403 ipsis
580 329 609 387 in
630 328 763 388 adversa
777 328 941 389 valitudine
963 333 1074 391 vetant:

97 413 255 490 Optimum
276 419 324 473 est
339 411 419 473 notis
435 409 516 472 vitiis
531 409 737 488 inpedimenta
753 412 931 486 prospicere
953 419 983 472 et
1003 423 1074 474 ante
1088 423 1104 476 6

97 498 202 559 omnia
216 498 259 556 ita
273 510 449 572 conponere
464 496 604 568 animum,
620 502 654 554 ut
668 495 756 555 etiem
774 495 964 570 gravissimis
979 497 1073 558 rebus

98 581 273 656 subitisque
281 594 451 642 concussus
466 579 541 640 iram
553 584 676 638 autnon
689 579 798 639 sentiat
810 579 1073 654 autmagnitudlne

97 665 275 740 inopinatae
285 663 412 725 inimice
424 669 560 724 exortam
571 660 602 722 in
616 663 707 722 altum
722 661 855 722 retrahat
866 677 923 722 nec
937 663 1073 724 dolorem

99 765 188 810 suum
204 747 394 824 profiteatur.
437 746 472 806 ld
486 746 552 807 lteri
569 761 663 820 posse
678 745 846 820 adparebit‚
869 746 895 804 si
918 763 1017 821 pauca
1035 750 1104 806 ext

98 833 187 892 turba
199 831 314 906 ingemi
327 831 468 905 exempla
485 829 649 904 protulero,
666 844 703 888 ex
724 829 836 905 quibus
853 837 1014 905 utrumque
1029 829 1073 889 di-

98 931 187 976 scere
198 915 277 989 licet,
293 921 438 992 quantum
446 911 634 973 malihabeat
645 913 698 986 ira,
712 913 764 974 ubi
776 913 931 974 hominum
943 929 1073 990 praepo-

97 1007 212 1076 tentum
227 1005 379 1073 potestate
395 1002 459 1058 tota
472 997 570 1070 utitur,
592 1004 737 1072 quantum
759 996 818 1058 sibi
836 997 985 1072 imperare
1000 1013 1072 1073 pos·

99 1083 145 1156 sit,
160 1081 215 1144 ubi
229 1089 312 1144 metu
326 1082 441 1143 maiore
456 1096 628 1156 conpressa
642 1088 698 1140 est.
809 1142 814 1152 ,

158 1167 240 1226 xlv.
264 1164 436 1244 Cambysen
458 1180 561 1240 regem
582 1165 671 1226 nimis
693 1165 827 1224 deditum
849 1164 921 1224 vino
941 1163 1103 1236 Praene-1

98 1266 172 1326 spes
186 1266 268 1310 unus
283 1266 323 1310 ex
337 1247 504 1310 carissimis
519 1249 670 1322 monebat,
686 1256 719 1308 ut
734 1249 857 1324 parcius
871 1247 995 1322 biberet,
1011 1255 1072 1308 tur·

98 1351 170 1409 pem
184 1349 257 1394 esse
271 1332 378 1394 dicens
398 1333 573 1394 ebrietatem
589 1333 618 1392 in
630 1347 712 1406 rege,
737 1347 828 1407 quem
843 1331 977 1391 omnium
993 1333 1071 1392 oculi

97 1433 253 1492 auresque
271 1424 482 1492 sequerentur.
507 1416 558 1476 Ad
576 1415 652 1476 haec
672 1416 738 1474 ille=
769 1460 787 1490 „
795 1422 828 1475 ut
848 1415 946 1490 scias,
967 1415 1073 1490 inquit,

98 1501 356 1576 quemadmodum
364 1516 530 1576 numquam
538 1500 677 1562 excidam
686 1499 766 1573 mihi,
780 1498 961 1574 adprobabo
974 1500 1031 1558 iam
1044 1507 1074 1558 et

98 1587 207 1646 oculos
219 1592 293 1660 post
303 1585 406 1646 vinum
418 1585 448 1644 in
461 1583 562 1644 ollieio
575 1599 647 1644 esse
661 1593 692 1644 et
705 1587 845 1644 manus.“
870 1583 951 1644 Bibit
962 1581 1073 1643 deinde
1087 1595 1105 1648 t

98 1670 255 1730 liberalius
271 1685 361 1744 quarn
376 1669 453 1728 alies
471 1665 685 1743 capacioribus
707 1665 835 1745 scyphis
850 1673 880 1727 et
894 1668 952 1727 iam
969 1668 1072 1742 gravis

98 1770 133 1814 ac
150 1753 223 1813 vino
240 1753 340 1812 lentus
356 1751 560 1827 obiurgatoris
576 1751 622 1812 sui
640 1751 735 1812 lilium
756 1751 926 1826 procedere
947 1753 1025 1812 ultra
1039 1751 1072 1809 li·

98 1854 166 1898 men
186 1837 271 1898 iubet
292 1836 493 1912 adlevataque
508 1850 602 1910 super
619 1843 711 1910 caput
732 1833 854 1894 sinistra
873 1851 964 1894 manu
980 1842 1072 1894 stare.

81 1927 168 1982 'tune
184 1918 314 1981 intendit
336 1935 439 1980 arcum
460 1926 490 1979 et
511 1919 612 1994 ipsum
634 1935 687 1979 cor
708 1917 923 1992 adulescentis,
946 1919 977 1978 id
993 1919 1072 1978 enirn

99 2012 203 2080 petere
218 2019 254 2064 se
266 2002 393 2078 dixerat,
409 2003 474 2078 figit
486 2001 684 2078 rescissoque
695 2009 821 2077 pectore
835 2001 966 2062 haerens
981 2001 1011 2060 in
1027 2001 1071 2077 ip-

98 2106 133 2148 so
149 2087 246 2148 corde
264 2087 414 2163 spiculum
427 2087 561 2148 ostendit
575 2102 612 2146 ac
626 2085 796 2162 respiciens
813 2094 930 2162 patrem
945 2086 1071 2146 interro:

16 2227 17 2230 ,
96 2172 195 2248 gavit,
225 2171 342 2232 satisne
370 2178 481 2232 certam
503 2171 629 2232 haberet
654 2186 785 2230 manum.
821 2171 862 2231 At
881 2168 932 2230 ille
953 2169 1073 2244 negavit

96 2254 272 2332 Apollinem
285 2255 423 2330 potuisse
435 2255 546 2315 certius
558 2255 684 2316 mittere.
706 2253 743 2314 Di
758 2255 840 2316 illum
852 2256 930 2314 male
945 2254 1104 2329 percauta

100 2340 202 2400 animo
221 2338 320 2413 magis
336 2355 426 2414 quam
442 2339 623 2400 condicione
638 2338 837 2412 mancipium!
868 2339 935 2398 eius
950 2339 994 2396 rei
1007 2338 1070 2397 lau-

96 2422 269 2494 detorruit,
289 2423 377 2484 cuius
393 2421 482 2484 nimis
497 2430 562 2482 erat
578 2431 782 2498 spectatorem
799 2420 905 2483 luisse.
934 2420 1071 2482 occasio-

96 2523 168 2567 nem
182 2507 397 2566 blanditiarum
411 2507 528 2582 putavit
539 2513 646 2581 pectus
659 2506 711 2566 lilii
727 2506 756 2564 in
771 2505 848 2565 duas
863 2511 966 2579 partes
984 2505 1071 2564 didu-

95 2599 178 2652 ctum
193 2599 224 2656 et
238 2606 293 2651 cor
308 2590 365 2650 sub
386 2591 512 2651 volnere
527 2590 689 2664 palpitans.
719 2589 957 2654 controuersiam
972 2588 1013 2646 illi
1028 2588 1066 2646 la-

95 2689 168 2735 cere
189 2674 230 2734 de
244 2673 342 2749 gloria
356 2674 460 2736 debuit
474 2681 504 2733 et
518 2689 666 2734 revocare
686 2673 811 2745 iactum,
835 2679 867 2732 ut
886 2671 951 2746 regi
966 2671 1073 2730 liberet

94 2759 130 2818 in
155 2759 225 2832 ipso
251 2764 340 2832 patre
365 2758 524 2818 certiorem
549 2773 671 2818 manum
692 2756 864 2818 ostendere.
919 2753 943 2815 0
969 2767 1103 2829 regemn

94 2848 271 2902 cruentum!
289 2857 307 2902 o
323 2840 447 2916 dignum
462 2841 491 2900 in
509 2857 598 2918 quern
614 2840 747 2902 omnium
763 2857 887 2902 suorum
903 2855 992 2900 arcus
1004 2855 1071 2899 ver-

93 2932 247 2986 terentur!
277 2925 351 2986 Cum
367 2925 518 2986 exsecrati
538 2925 683 2986 fuerimus
698 2925 780 2985 illum
798 2923 937 2985 convivia
954 2923 1071 2998 suppli-

94 3010 153 3070 ciis
169 3007 392 3084 funeribusque
408 3011 592 3082 solventem‚
613 3017 712 3069 tamen
728 3009 905 3068 sceleratius
926 3009 1019 3067 telum
1037 3007 1070 3064 il-

92 3092 150 3154 lud
163 3093 322 3154 laudatum
337 3101 385 3154 est
399 3111 490 3168 quam
505 3093 642 3154 missum.
675 3090 846 3152 videbimus
863 3091 1019 3167 quomodo
1037 3107 1071 3150 so

92 3183 184 3252 pater
202 3191 312 3252 gerere
326 3176 465 3238 debuerit
486 3184 571 3238 stans
593 3192 688 3251 super
709 3175 842 3236 cadaver
861 3175 913 3236 filii
935 3175 983 3234 sui
1003 3175 1070 3232 cae·-

92 3262 230 3336 demque
245 3261 336 3333 illam,
359 3262 445 3322 cuius
460 3265 491 3321 et
507 3260 593 3320 testis
612 3261 711 3320 luerat
724 3266 754 3318 et
770 3275 881 3319 causa:
909 3257 939 3317 id
954 3257 993 3318 de
1009 3273 1070 3330 quo

92 3361 177 3405 nunc
199 3345 307 3419 agitur,
330 3344 471 3419 adparet,
492 3343 567 3404 iram
590 3344 738 3418 supprimi
759 3359 864 3418 posse.
893 3343 958 3401 Non
981 3341 1102 3399 tuate-5

92 3427 172 3489 dixlt
192 3428 272 3502 regi,
297 3428 410 3488 nullum
432 3428 532 3488 emisit
546 3443 584 3487 ne
606 3425 773 3487 calamitosi
793 3426 913 3501 quidem
935 3423 1069 3486 verbum,
