2528 3906
185 214 240 274 AD
255 213 438 274 MARclntu
460 214 510 275 DE
533 213 834 274 CONSOLATIONE.
858 224 899 276 10.
916 226 957 278 11.
1005 215 1060 279 121

89 364 223 440 pectoris
242 364 478 438 dispensandae.
508 363 592 438 Quae
614 362 725 424 deinde
746 365 805 425 ista
819 381 894 426 suae
908 368 1064 442 publicae-

89 463 151 523 que
166 447 356 508 condicionis
377 447 490 507 oblivio
512 454 579 508 cstt
606 447 742 508 Mortalis
764 455 834 508 nata
855 466 898 524 es,
919 454 1063 514 mortales

89 530 248 606 peperisti.
279 539 366 605 putre
387 529 456 605 ipsa
469 529 657 604 fluidumque
671 546 786 606 corpus
807 540 837 592 et
857 535 960 594 causis
974 551 1063 610 repe-

88 617 143 675 tita
157 615 290 689 sperasti
309 621 370 674 tarn
390 613 531 674 inbecilla
552 613 677 674 materia
695 616 795 675 solida
815 623 845 676 et
865 623 989 678 aeterna
1010 634 1061 692 ge-

89 703 217 758 stasset
258 697 398 758 Decessit
412 695 492 757 filius
509 705 587 771 tuus,
609 698 717 771 idest,
734 699 907 760 decucurrit
927 701 966 760 ad
981 701 1090 761 hunct

88 783 191 853 linem,
206 781 246 840 ad
262 796 352 854 quem
368 795 447 855 quae
462 781 597 843 feliciora
608 789 696 855 partu
711 789 764 842 tuo
779 790 870 856 putas
886 793 1061 859 properant.

88 865 148 924 huc
163 863 263 928 omnis
287 863 346 923 ista
366 879 445 938 quae
465 865 494 922 in
515 866 583 926 loro
604 864 707 939 litigat,
727 865 755 924 in
778 866 901 928 theatris
915 869 1061 941 [desidett

88 950 116 1006 in
131 947 254 1021 templis
269 955 411 1022 precatur
422 947 510 1007 turba
524 947 638 1023 dispari
653 949 750 1022 gradu
764 950 856 1011 vadit.
878 957 909 1012 et
923 967 1003 1026 quae
1018 952 1062 1011 di-

88 1031 156 1106 ligis
173 1029 353 1102 [veneraris]
369 1038 399 1090 et
420 1045 500 1105 quae
518 1031 663 1105 despicis,
684 1048 762 1092 unus
777 1034 960 1108 exaequabit
975 1034 1061 1094 cinis.

87 1115 154 1173 Hoc
168 1112 312 1172 videlicet
325 1115 376 1172 illa
389 1113 523 1190 Pythicis
545 1115 676 1174 oraculis
698 1116 852 1190 adscripta
864 1116 989 1177 NOSCE
1003 1118 1060 1176 TE.

88 1195 185 1270 Quid
210 1203 270 1255 est
292 1195 427 1256 homo?
455 1196 612 1271 quodlibet
632 1213 779 1272 quassum
800 1214 854 1258 vas
876 1207 906 1259 et
927 1200 1090 1274 quolibet3

87 1279 196 1354 tragile
210 1279 330 1339 iactatu.
360 1297 422 1340 non
436 1286 618 1355 tempestate
631 1295 750 1354 magna,
771 1287 804 1340 ut
823 1281 992 1357 dissiperis,
1015 1292 1062 1343 est

88 1379 178 1437 opus.
207 1361 392 1438 ubicumque
407 1363 594 1436 arietaveriS,
615 1364 755 1424 solveris.
786 1364 860 1438 quid
880 1373 928 1426 est
948 1366 1062 1426 homos

87 1445 262 1507 inbecillum
280 1461 392 1520 corpus
408 1453 438 1506 et
457 1447 570 1520 fragile,
586 1447 711 1520 nudum,
732 1454 841 1522 suapte
858 1455 966 1508 natura
982 1449 1059 1508 iner-

87 1545 145 1602 me,
161 1528 281 1589 alienae
293 1531 361 1604 opis
373 1528 522 1604 indigens,
540 1531 579 1590 ad
592 1531 690 1592 omnis
706 1532 844 1590 lortunae
861 1533 1060 1594 contumelias

89 1613 270 1688 proiectum,
286 1629 354 1673 cum
375 1614 454 1673 bene
474 1615 605 1674 lacertos
627 1615 771 1688 exercuit
795 1615 957 1676 cuiuslibet
978 1617 1061 1676 serae
1159 1677 1163 1685 ,

90 1697 243 1772 pabulum,
261 1697 556 1770 cuiuslibetvictima‚
572 1713 611 1756 ex
623 1697 750 1757 infirmis
762 1697 1060 1774 nuidlsquecontex-

89 1789 150 1840 tum
165 1788 197 1840 et
210 1780 401 1842 lineamentis
422 1780 624 1840 exterioribus
639 1782 775 1857 nitidum,
795 1782 925 1856 trigoris,
947 1790 1061 1858 aestus,

89 1863 204 1924 laboris
219 1862 382 1939 inpatiens,
398 1865 467 1940 ipso
478 1879 587 1924 rursus
599 1865 699 1925 situel
713 1865 773 1926 otio
785 1865 895 1925 iturum
909 1867 939 1924 in
951 1866 1060 1940 tabem,

88 1947 231 2008 alimenta
246 1956 384 2009 metuens
398 1964 464 2020 sua,
481 1964 610 2024 quorum
624 1949 747 2009 modum
763 1951 805 2021 [in
816 1953 902 2030 copta
916 1951 1062 2010 excedens

87 2035 142 2102 oet]
158 2033 188 2090 in
205 2029 480 2108 inopiarumpitur,
500 2032 611 2092 anxiae
625 2031 835 2107 sollicitaeque
854 2034 975 2105 tutelae,
991 2048 1060 2107 pre·

88 2115 161 2176 carii
178 2115 303 2190 spiritus
316 2123 345 2176 et
356 2119 434 2176 male
445 2116 607 2176 haerentis.
637 2116 731 2191 *qua*
744 2123 862 2190 partum
869 2117 1089 2191 repentinuml

88 2199 208 2259 auditus
222 2197 379 2273 inproviso
395 2216 491 2261 sonus
506 2199 631 2260 auribus
645 2201 749 2274 gravis
764 2200 885 2261 excutit.
908 2201 966 2261 soli
981 2217 1059 2260 sem-

89 2298 143 2356 per
163 2282 223 2342 sibi
238 2283 449 2344 nutrimentum
462 2283 602 2343 vitiosum
615 2291 646 2343 et
659 2284 771 2345 inutile.
798 2285 942 2344 miramur
955 2285 985 2343 in
1001 2285 1060 2344 hoc

88 2374 227 2438 mortem,
249 2382 329 2441 quae
349 2368 440 2427 unius
455 2367 603 2441 singultus
617 2384 697 2442 opus
717 2373 784 2426 estt
812 2366 960 2442 numquid
981 2368 1061 2427 enim

88 2456 121 2509 ut
136 2448 289 2524 concidat,
303 2451 404 2526 magni
418 2465 469 2512 res
483 2451 647 2511 molimenti
662 2455 732 2512 estt'
759 2451 838 2510 odor
849 2451 890 2510 illi
905 2466 1061 2524 saporque

88 2540 117 2592 et
131 2533 284 2594 lassitudo
299 2541 330 2594 et
342 2533 445 2610 vigilia
455 2540 485 2593 et
497 2534 606 2594 humor
621 2540 650 2593 et
663 2535 750 2593 cibus
765 2540 796 2594 et
809 2532 876 2593 sine
891 2533 1001 2608 quibus
1018 2535 1060 2594 vi-

87 2631 230 2676 vercncn
239 2624 349 2691 potest
364 2619 518 2678 mortifera
533 2625 613 2678 sunt.
641 2631 835 2692 quocumque
850 2616 985 2677 semovit
1000 2623 1060 2676 sta-

87 2701 138 2759 tim
153 2699 336 2762 infirmitatis
351 2717 427 2762 suae
448 2702 613 2776 conscium,
634 2717 694 2760 non
711 2717 800 2760 omne
816 2701 934 2760 coelum
949 2700 1060 2773 serene,

88 2799 237 2858 aquarum
249 2784 432 2846 novitatibus
445 2784 580 2861 ilatuque
591 2801 651 2845 non
664 2784 817 2844 familiaris
830 2799 924 2845 aurae
935 2790 965 2844 et
976 2791 1060 2844 tenu·

87 2867 201 2939 issimis
221 2869 324 2928 causis
337 2877 430 2944 atque
442 2869 664 2932 offensionibus
681 2867 860 2942 morbidum,
877 2875 974 2942 putre,
990 2884 1061 2928 cau-

88 2952 212 3024 sarium‚
228 2950 303 3012 iletu
319 2952 410 3013 vitam
424 2954 625 3028 auspicatum,
647 2951 846 3013 cuminterim
863 2959 995 3027 quantos
1015 2960 1061 3012 tu-

87 3035 199 3095 multus
214 3034 274 3094 lruc
295 3043 354 3096 tam
375 3044 579 3111 contemptum
601 3037 711 3096 animal
730 3042 853 3096 movett
879 3034 909 3094 in
931 3042 1060 3109 quantas

89 3119 289 3193 cogitationes
304 3119 429 3180 oblitum
445 3121 635 3182 condicionis
650 3135 725 3180 suae
745 3119 849 3180 venitt
875 3118 1059 3190 inmortalia,
1072 3125 1089 3177 5

88 3202 336 3264 aeternavolutat
350 3204 449 3264 animo
464 3212 494 3264 et
508 3205 537 3263 in
552 3212 680 3278 nepotes
693 3208 944 3277 pronepotesque
956 3202 1060 3276 dispo-

17 3337 18 3340 ,
88 3284 145 3358 nit,
167 3301 236 3345 cum
252 3284 370 3346 interim
391 3287 483 3362 longa
499 3294 657 3347 conantem
678 3301 747 3346 eum
766 3301 849 3346 mors
871 3284 1014 3362 op‘primit
1033 3289 1062 3342 et

87 3367 155 3443 hoo,
172 3368 256 3443 quod
273 3377 416 3431 senectus
431 3378 567 3443 vocatur,
583 3369 837 3444 paucissimorum
853 3368 995 3428 circuitus
1008 3381 1060 3424 an-

87 3466 205 3512 norum.
