2522 3906
114 226 395 287 CONTUMELIAM
409 225 599 290 Acctpttttu
614 227 843 294 SAPIENTEM.
866 235 985 294 t-ttt
1016 233 1057 296 19

75 383 170 441 eibum
186 382 307 441 deesse.
339 397 409 440 eum
424 380 594 457 sapientem
610 387 745 458 negastis
760 385 910 460 insanire,
925 403 987 447 non
1003 403 1056 448 ne-

74 465 147 539 gatis
162 473 193 526 et
205 465 331 524 alienari
347 473 378 524 et
392 481 499 540 pamm
514 483 591 527 sana
604 469 699 528 verba
713 469 847 530 emittere
862 478 892 530 et
907 471 1056 546 quioquid

76 551 117 609 vis
132 547 229 610 morbi
251 549 334 622 cogit
354 548 478 608 audere.
508 566 577 610 oum
592 553 764 626 sapientem
779 556 914 627 negastis
930 571 1055 616 servum

76 649 155 708 esse,
175 633 267 692 iidem
291 649 353 693 non
374 631 424 692 itis
440 634 553 694 infitias
569 643 599 695 et
615 636 788 696 veniturum
803 645 834 696 et
848 639 995 712 imperata
1010 639 1053 697 sa-

77 725 186 777 rturum
208 723 239 775 et
261 717 386 777 domino
403 733 460 778 suo
483 719 606 778 servitia
627 729 851 795 praestaturum
871 722 1054 781 ministeria:

76 804 111 861 ita
124 801 244 861 sublato
259 803 319 860 alte
334 801 500 876 supercilio
517 803 548 861 in
563 805 672 862 eadem
687 820 767 880 quae
783 805 875 864 aeteri
891 805 1053 866 deseendi-

77 888 108 945 tis
119 884 240 944 mutatis
254 900 357 946 rerum
372 885 556 946 nominibus.
577 888 649 946 Tale
663 888 766 964 itaque
777 889 890 964 aliquid
907 896 938 948 et
951 890 982 948 in
995 889 1083 949 hoca

76 985 140 1029 esse
153 969 308 1042 suspicor,
325 971 408 1044 quod
424 969 521 1044 prima
536 970 642 1046 specie
658 971 817 1046 pulchrum
830 980 923 1048 atque
938 974 1053 1048 magni-

76 1055 159 1112 fieum
173 1059 230 1124 est,
246 1067 304 1112 neo
318 1053 457 1114 iniuriam
473 1070 531 1114 nee
543 1056 755 1116 contumeliam
770 1065 966 1131 accepturum
981 1073 1053 1118 esse

75 1139 246 1212 sapientem.
267 1139 394 1198 multum
409 1144 509 1197 autem
523 1139 659 1213 interest,
674 1146 771 1200 utrum
783 1142 953 1216 sapientem
966 1149 1053 1200 extra

74 1221 305 1304 indignationem
325 1237 364 1281 an
386 1228 472 1281 extra
492 1222 633 1284 iniuriam
652 1240 762 1300 ponas.
790 1241 860 1284 narn
882 1224 909 1285 si
924 1226 1002 1285 diois
1017 1225 1051 1283 it-

75 1308 129 1364 tum
153 1321 256 1380 aequo
283 1305 385 1366 animo
410 1307 555 1378 laturum,
590 1309 706 1368 nullum
732 1309 824 1368 babet
850 1309 1051 1383 privilegium.

75 1389 193 1462 contigit
212 1387 256 1448 itti
276 1404 328 1450 res
350 1388 484 1464 volgaris
505 1398 536 1450 et
554 1407 634 1465 quae
650 1392 778 1451 discitur
792 1393 862 1466 ipsa
876 1392 1053 1451 iniuriarum

73 1472 268 1546 adsiduitate,
289 1473 444 1548 patientie.
481 1474 507 1534 si
522 1491 618 1549 negas
633 1483 831 1550 accepturum
845 1475 1000 1548 iniuriam,
1022 1475 1053 1534 id

73 1566 114 1618 est
127 1555 281 1616 neminem
296 1556 339 1617 itti
353 1563 570 1633 temptaturum
585 1561 697 1633 iacere,
714 1560 854 1620 omnibus
870 1560 983 1619 relictis
1001 1574 1052 1617 ne-

72 1642 155 1716 gotiis
177 1640 301 1701 Stoicus
322 1641 395 1702 fio.“
426 1642 493 1716 Ego
514 1659 588 1702 vero
606 1643 775 1718 sapientem
796 1660 857 1703 non
873 1642 1084 1718 imaginarios

71 1727 183 1786 honore
197 1726 363 1786 verborum
379 1741 530 1786 exornare
545 1727 697 1800 constitui,
713 1729 770 1788 sed
786 1743 824 1787 eo
839 1730 909 1788 loon
925 1743 1052 1803 ponere,

72 1827 126 1885 quo
144 1810 229 1870 nulla
245 1810 434 1884 permittatur
454 1809 572 1870 iniuria.
606 1811 681 1886 quid
698 1818 797 1886 ergot
817 1827 906 1872 nemo
928 1813 985 1872 erit
1000 1812 1052 1885 qui

72 1897 213 1966 lacessat,
238 1892 290 1968 qui
312 1899 457 1968 temptet?
477 1894 548 1954 nihii
570 1895 601 1953 in
616 1911 718 1955 rerum
732 1903 839 1956 natura
853 1903 914 1954 tam
930 1911 1053 1954 sacrum

71 1987 126 2051 est,
150 1978 238 2054 quod
260 1977 442 2052 sacrilegum
464 1995 525 2038 non
540 1979 689 2052 inveniat,
712 1980 769 2039 sed
787 1995 847 2039 non
863 1979 933 2038 ideo
949 1977 1052 2038 divina

71 2064 163 2122 minus
192 2061 224 2120 in
253 2061 376 2122 sublimi
400 2069 486 2135 sunt,
514 2063 540 2122 si
567 2063 720 2122 exsistunt
741 2062 795 2139 qui
813 2063 1051 2138 magnitudinem

69 2148 190 2205 multum
209 2145 290 2206 ultra
311 2160 347 2204 se
367 2145 499 2219 positam
520 2163 581 2206 non
601 2149 710 2207 tacturi
730 2147 884 2223 adpetant.
911 2148 1052 2206 Involne-

69 2230 159 2288 rabile
179 2235 228 2290 est
248 2245 310 2290 non
327 2231 411 2303 quod
427 2246 488 2289 non
504 2231 624 2304 teritur,
645 2233 701 2291 sed
717 2229 801 2307 quod
823 2247 882 2291 uon
905 2233 1050 2291 laeditur:

69 2331 103 2372 ex
118 2313 177 2372 hao
198 2313 253 2373 tibi
274 2320 348 2374 nota
369 2313 540 2388 sapientem
560 2313 722 2375 exhibebo.
753 2315 907 2390 Numquid
926 2316 1079 2384 dubium4

69 2404 125 2470 est,
148 2399 222 2471 quin
238 2397 351 2457 eortius
372 2397 467 2458 robur
481 2399 521 2458 sit
536 2399 620 2472 quod
636 2416 697 2460 non
712 2399 843 2459 vincitur
858 2416 949 2474 quam
966 2401 1050 2473 quod

18 2529 19 2562 ,
70 2499 123 2540 non
140 2481 320 2554 lacessitur,
343 2497 416 2540 oum
429 2482 539 2541 dubiae
554 2482 615 2542 sint
629 2485 711 2543 vires
726 2484 920 2558 inexpertae,
943 2491 973 2542 at
988 2498 1047 2540 me·

18 2629 19 2640 ,
69 2567 119 2624 rito
144 2565 318 2624 certissima
340 2565 465 2625 firmitas
485 2565 648 2641 habeatur,
676 2583 756 2642 quae
781 2565 880 2627 omnis
906 2565 1049 2624 incursus

69 2651 203 2724 respuit?
223 2650 269 2708 sio
287 2658 321 2710 tu
343 2651 512 2723 sapientem
531 2651 665 2710 melioris
681 2651 758 2710 soito
774 2665 845 2708 esse
861 2655 1002 2722 naturae,
1023 2651 1049 2708 si

70 2818 159 2876 virum
181 2817 299 2891 dicam,
322 2833 412 2891 quem
433 2817 513 2876 betia
534 2835 595 2878 non
614 2816 758 2892 subigunt
779 2833 836 2876 neo
858 2818 980 2878 admota
1000 2817 1048 2876 vis

19 2973 20 2976 Ἴ
68 2899 180 2960 hostilis
203 2907 352 2974 exterret,
375 2917 435 2961 non
456 2903 505 2962 oui
527 2903 639 2976 pingue
661 2902 753 2961 otium
769 2908 817 2962 est
830 2901 909 2962 inter
923 2902 1047 2961 desides

69 2987 207 3060 populos.
236 2986 304 3044 Hoc
326 2985 417 3058 igitur
436 2986 521 3058 dieo,
545 2985 716 3060 sapientem
737 2987 811 3046 nulii
833 3001 904 3045 esse
920 2985 1075 3058 iniuriae5

70 3069 240 3128 obnoxium.
270 3069 375 3142 itaque
397 3085 457 3128 non
478 3071 586 3142 refert,
611 3086 702 3144 quam
723 3073 816 3129 multa
836 3069 865 3128 iu
886 3070 971 3127 iilum
986 3071 1046 3129 aoi-

69 3153 180 3214 eiantur
193 3153 270 3226 tela,
286 3167 355 3212 oum
368 3154 407 3214 sit
420 3153 494 3212 nulli
511 3153 723 3229 penetrabiiis;
740 3152 896 3228 quomodo
914 3169 1045 3227 quorun-

20 3311 21 3318 *
69 3235 129 3296 dam
150 3237 291 3312 lapidum
313 3237 559 3312 inexpugnabilis
580 3238 660 3296 ferro
683 3238 792 3297 duritia
811 3243 930 3295 estnec
947 3236 1045 3295 secari

70 3321 188 3380 adamas
207 3327 261 3379 aut
281 3321 367 3380 caedi
382 3321 432 3380 vel
447 3319 545 3381 deteri
561 3329 677 3396 potest,
696 3323 753 3381 sed
768 3319 1045 3402 incurrentia‘uttro

19 3395 21 3432 ³
70 3404 203 3464 retundit.
230 3405 486 3478 quemadmodum
499 3406 650 3480 quaedam
665 3421 726 3464 non
743 3410 874 3480 possunt
887 3403 958 3476 igne
973 3417 1045 3460 oon-

70 3489 154 3563 sumi,
181 3488 241 3549 sed
255 3487 377 3548 flamma
392 3489 575 3548 circumfusa
595 3489 727 3558 rigorem
743 3504 832 3548 suum
848 3486 1043 3551 habitumque

837 3575 854 3624 ²
865 3571 879 3596 3
