2528 3906
215 219 275 290 148
327 304 329 312 Ι
380 220 413 278 L.
435 217 582 281 annau
604 197 780 278 samona
798 215 905 296 ¹nnn
924 217 990 278 vn.

214 372 295 431 tibus
312 369 422 430 minist
444 368 599 444 quomodo
615 373 815 442 conspectum
827 367 941 440 mortis,
962 368 1122 444 quomodo
1137 369 1197 430 do·

214 455 287 516 loris
303 455 399 514 leret?
422 453 575 526 quomodo
591 452 693 512 mundi
704 451 841 524 fragores
854 457 884 508 el
899 458 1011 510 tantum
1026 449 1195 512 acerrimo-

214 555 279 598 rum
294 537 425 598 hestiurn
437 553 457 596 a
470 542 530 596 lum
542 535 624 594 molli
639 533 817 593 adversario
834 533 954 594 victus?
975 532 1124 608 quicquid
1138 551 1194 594 vo-

215 625 315 698 luptas
331 620 461 680 suaserit
471 619 569 678 saciet.
592 633 658 692 age,
676 633 736 676 non
750 617 837 676 vides
853 619 1050 692 quammulta
1060 633 1196 678 suasura

181 705 273 766 tsitt
295 703 402 778 „Nihil
418 703 523 777 inquit,
540 701 650 778 potent
663 699 790 776 turpiter
802 701 942 773 suadere,
959 699 1031 776 quia
1048 701 1196 762 adiuncta
1253 777 1254 780 Ἴ

215 789 315 848 virtuti
329 793 404 846 est.“
431 786 498 846 Non
512 785 597 852 vides
612 785 729 858 iterum,
746 786 836 858 quale
848 785 886 844 sit
900 800 1051 844 summurn
1066 785 1192 857 bonum,

215 872 263 932 cui
280 871 407 930 custode
424 885 504 944 opus
527 875 583 940 est,
604 875 638 930 ut
657 869 777 942 bonum
794 868 852 928 sitt
873 866 969 928 virtus
991 875 1091 927 autern
1114 885 1191 944 quo-

115 1025 117 1034 Ι
214 955 306 1013 inodo
329 955 514 1027 voluptatem
537 959 630 1028 reget,
655 967 747 1026 quam
767 950 914 1030 sequitur,
936 966 1004 1011 curn
1026 951 1118 1026 sequi
1138 969 1193 1028 pa-

214 1038 308 1096 rentis
324 1035 373 1108 sit,
393 1051 501 1110 regere
521 1035 721 1112 imperantis?
743 1041 862 1110 atergo
877 1035 967 1110 ponis
990 1035 1075 1109 qnod
1094 1035 1191 1111 impe-

213 1127 282 1180 ratl
302 1119 456 1194 egregium
472 1129 572 1179 autem
586 1119 678 1178 habet
689 1118 784 1178 virtus
799 1119 882 1192 apud
904 1135 962 1179 vos
979 1118 1116 1180 officium
1137 1135 1192 1180 vo·

184 1213 200 1264 3
217 1208 347 1279 luptates
361 1211 570 1278 praegustare.
593 1203 655 1264 Sed
671 1203 852 1276 videbimus,
872 1218 909 1260 an
924 1201 1007 1277 apud
1018 1219 1108 1277 *quos
1129 1209 1193 1263 tam

216 1289 434 1348 contumeliose
456 1293 583 1350 tractata
601 1285 778 1368 virtusest,
798 1285 898 1348 adhuc
917 1286 1013 1348 virtus
1034 1287 1083 1359 sit
1111 1301 1192 1362 quae

214 1373 328 1433 habere
342 1387 454 1432 nornen
470 1387 556 1432 sunm
580 1386 640 1432 non
656 1377 767 1452 potest,
790 1369 818 1430 si
838 1371 908 1434 loco
930 1367 1040 1430 cessit:
1063 1368 1192 1443 interim,

216 1457 255 1515 de
275 1472 336 1530 qno
358 1453 470 1528 agitur,
492 1456 602 1514 multos
622 1453 781 1516 ostendam
801 1453 1009 1528 voluptatibus
1028 1453 1192 1523 obsessos,

215 1540 245 1597 in
260 1554 339 1617 quos
355 1541 475 1598 lortuna
490 1539 591 1598 omnia
608 1552 735 1598 munera
755 1553 812 1618 sua
828 1536 943 1608 effudit,
967 1551 1046 1612 quos
1067 1537 1191 1596 talearis

186 1625 347 1684 luccesse
361 1628 409 1680 est
419 1623 535 1683 malos:
558 1621 685 1695 adspice
697 1621 917 1683 Nomentanum
929 1617 1116 1694 attipiacum,
1131 1628 1192 1680 ter·

216 1721 316 1764 rarum
332 1720 368 1762 ac
382 1704 483 1778 maris,
504 1711 537 1763 ut
552 1705 600 1764 isti
616 1711 734 1777 venant,
754 1703 836 1766 bona
857 1703 1064 1780 conquirentis
1085 1712 1115 1764 et
1140 1722 1191 1766 su-

218 1804 272 1863 per
296 1803 433 1848 mensam
459 1789 710 1862 recognoscentis
730 1787 861 1848 omniurn
881 1789 1014 1866 gentium
1039 1789 1190 1850 animalia.

218 1870 287 1936 vide
306 1871 364 1932 hos
386 1872 512 1934 eosdem
536 1887 553 1930 e
574 1872 788 1932 successuro*
811 1871 1018 1948 exspectantis
1045 1874 1193 1948 popinam

217 1965 312 2030 suam,
329 1970 419 2017 aures
442 1971 661 2028 mentuscae,
683 1955 868 2030 spectaculis
888 1957 1004 2028 oculos,
1026 1957 1191 2031 saporibus

218 2040 350 2113 palatum
366 2055 455 2098 suum
473 2039 669 2100 delectantes.
692 2037 834 2105 mollibus
849 2038 1030 2114 lenibusque
1047 2040 1191 2102 lomentis

218 2129 310 2182 totum
326 2121 487 2182 lacessitur
501 2137 605 2181 eorum
628 2137 742 2198 corpus
758 2129 788 2198 et
808 2137 846 2184 ne
869 2138 960 2183 nares
981 2123 1103 2186 interim
1123 2139 1190 2184 ees·

217 2212 292 2276 sent,
309 2203 456 2267 odoribus
472 2204 564 2265 variis
580 2204 712 2273 inficitur
726 2207 812 2268 locus
827 2205 904 2280 ipse,
929 2207 958 2266 in
975 2223 1036 2282 quo
1053 2207 1191 2270 luxuriae

215 2294 403 2362 parentatum
419 2287 479 2352 hoc
496 2303 567 2348 esse
582 2289 611 2348 in
625 2289 833 2364 voluptatibus
851 2289 946 2364 dices.
970 2305 1027 2350 nec
1043 2296 1145 2350 tamen
1157 2291 1192 2349 il·

216 2371 253 2430 lis
268 2371 347 2430 bene
361 2371 425 2442 erit,
442 2369 587 2446 quianon
606 2373 686 2433 bono
702 2373 843 2448 gandent.

186 2457 200 2510 1
277 2454 341 2514 XII.
364 2453 482 2528 ‚‚lllale‚·
494 2453 600 2533 inquit,
617 2455 676 2516 illis
695 2457 760 2529 erit,
783 2456 855 2531 quia
872 2458 964 2520 inulta
977 2456 1190 2531 interveniunt,

218 2553 297 2614 quae
312 2538 488 2612 perturbent
505 2540 645 2614 animum,
661 2547 691 2602 et
706 2538 868 2614 opiniones
882 2543 960 2602 inter
975 2555 1010 2600 se
1021 2541 1190 2612 contrariae

217 2630 345 2682 mentem
360 2620 600 2697 inquietationis
621 2623 704 2698 quod
715 2621 757 2682 ita
768 2639 840 2684 esse
851 2624 999 2686 concedo.
1015 2624 1072 2684 sed
1083 2623 1189 2686 nihilo·

216 2707 316 2766 rninus
337 2706 378 2764 illi
399 2705 459 2780 ipsi
481 2707 562 2768 stulti
583 2713 613 2766 et
626 2707 804 2782 inaequales
827 2716 856 2768 et
877 2708 935 2768 sub
956 2709 1018 2768 ictu
1032 2709 1189 2784 poeniten·

218 2790 275 2847 liae
291 2788 383 2864 positi
398 2805 523 2864 magnas
544 2788 714 2872 percipient
728 2793 911 2866 voluptates
933 2799 968 2852 ut
981 2791 1137 2854 latendum
1152 2792 1191 2851 sit

217 2879 277 2932 tam
292 2873 382 2946 longe
393 2880 454 2932 tum
470 2875 539 2934 illos
551 2873 589 2934 ab
605 2875 686 2938 omni
701 2875 840 2952 molestia
851 2875 963 2936 abesse
977 2893 1067 2951 quam
1080 2875 1191 2936 abono

216 2956 325 3025 niente,
342 2962 372 3013 et
387 2957 470 3030 quod
487 2957 643 3032 plerisque
657 2959 813 3036 contingit,
834 2958 960 3021 hilarem
975 2957 1125 3020 insaniam
1147 2959 1188 3018 in·
1253 3027 1254 3038 χ

186 3047 202 3097 2
217 3037 318 3097 sanire
333 3054 369 3097 ae
384 3055 439 3112 per
454 3039 548 3099 risum
563 3037 673 3100 furere.
704 3044 745 3100 nt
759 3050 865 3102 contra
879 3044 1062 3117 sapientium
1083 3043 1188 3102 remis·

216 3137 271 3181 sae
286 3123 457 3196 voluptates
472 3131 503 3182 et
516 3125 676 3186 modestae
690 3141 727 3185 ac
742 3142 841 3200 paene
855 3127 1019 3201 languidae
1031 3133 1103 3188 sunt
1117 3142 1187 3187 con-

217 3219 406 3279 pressaeque
421 3214 451 3265 et
464 3204 516 3264 vix
531 3207 690 3283 notabiles,
705 3216 738 3272 ut
748 3225 828 3285 quae
843 3225 944 3284 neque
956 3210 1124 3270 accersitae
1139 3225 1188 3268 ve-

217 3287 300 3347 niant
314 3303 379 3360 nec,
396 3289 536 3362 quumvis
551 3307 607 3364 per
621 3309 656 3352 se
668 3295 863 3367 accesserint,
885 3295 914 3352 in
929 3293 1046 3356 honore
1061 3293 1122 3352 sint
1138 3307 1188 3353 ne·

219 3385 278 3445 que
299 3371 361 3429 ullo
384 3371 495 3444 gaudio
519 3373 749 3448 percipientium
772 3388 930 3452 exceptae.
960 3375 1090 3436 miscent
1109 3375 1190 3436 enim

216 3455 282 3514 illas
300 3461 330 3513 et
345 3453 541 3527 interponunt
554 3457 634 3518 vitae
649 3466 681 3518 ut
702 3461 805 3520 ludum
820 3461 984 3535 iocumque
1004 3460 1082 3520 inter
1100 3461 1190 3520 seria
