2528 3906
202 161 256 220 AD
278 153 462 221 Manciam
480 161 531 220 nl:
550 158 851 223 consonatione.
873 172 916 224 22.
931 171 976 226 ⁶28.
1021 163 1083 227 1³5

103 315 257 392 perfidum
271 313 423 374 militamt
454 320 652 375 consecratur
666 314 862 394 subscriptio.
893 324 923 374 et
944 317 1083 376 acerrimi

103 414 213 471 canes,
240 413 319 474 quos
339 396 391 457 ille
411 403 445 456 ut
464 397 521 457 sibi
543 399 594 456 uni
615 405 810 471 mansuetos,
837 398 978 458 omnibus
999 401 1082 460 leros

103 481 240 554 haberet,
255 479 405 554 sanguiue
419 481 551 541 humano
569 480 728 556 pascebat,
745 481 969 541 circumlatrare
986 483 1081 543 homi-

104 564 290 625 nemetiam
305 564 389 624 illum
409 561 601 639 impetratum
616 563 772 638 incipiunt.
801 563 879 636 Quid
895 566 1028 626 lacerett
1055 567 1112 632 sin

102 649 209 709 vivere
224 649 329 720 vellet,
345 645 475 707 Seianus
490 645 648 722 rogandus
662 653 741 718 erat,
757 647 784 706 si
800 647 890 720 mori,
906 647 983 721 lilia,
1002 655 1081 708 uter-

102 747 165 806 que
189 729 404 790 inexorabilis:
436 729 601 792 constituit
616 729 708 789 filiam
734 731 847 789 tallere.
881 748 955 791 usus
979 730 1082 805 itaque

102 815 242 886 balineo,
268 819 320 886 [et]
344 829 405 888 quo
426 815 496 888 plus
510 813 618 875 virium
634 819 775 888 poneret,
799 814 831 872 in
851 814 1022 873 cubiculum
1047 829 1082 873 se

102 897 194 973 quasi
209 897 386 971 gustaturus
406 897 531 958 contulit
544 904 575 956 et
589 895 725 956 dimissis
743 896 846 972 pueris
860 898 1011 972 quaedam
1028 913 1084 972 per

102 983 287 1053 fenestram,
303 988 337 1040 ut
351 975 505 1040 videretur
518 979 638 1054 edisse,
656 979 791 1055 proiecit.
814 995 833 1039 a
848 996 946 1041 coena
960 981 1082 1054 deinde,

101 1065 194 1140 quasi
208 1063 269 1124 iani
284 1063 360 1123 satis
374 1061 405 1122 in
418 1063 559 1124 cubiculo
575 1064 698 1136 edisset,
714 1063 865 1124 abstinuit.
894 1064 989 1124 altero
1006 1080 1083 1139 quo·

102 1165 165 1225 que
181 1148 233 1208 die
247 1155 278 1207 et
290 1147 378 1208 tertio
394 1147 475 1206 idem
491 1147 570 1210 lecit.
599 1152 725 1222 quartus
747 1148 815 1221 ipsa
830 1147 1001 1208 infirmitate
1015 1163 1082 1208 eor-

103 1233 190 1307 poris
206 1231 338 1290 laeiebat
351 1230 506 1290 indicium.
529 1232 700 1305 conplexus
715 1230 817 1304 itaque
832 1236 876 1290 toz·
894 1230 1083 1304 „carissima

103 1316 217 1390 inquit,
240 1313 303 1372 lilia
324 1321 354 1374 et
372 1313 433 1374 hoe
454 1329 549 1374 unum
561 1321 625 1374 tota
640 1314 737 1372 celata
752 1312 826 1388 vita,
847 1313 903 1373 iter
917 1315 1022 1374 mortis
1037 1314 1083 1372 in-

100 1400 234 1473 gressus
249 1412 316 1456 sum
333 1405 364 1458 et
377 1398 437 1456 iarn
452 1397 585 1458 medium
600 1398 664 1456 lere
678 1404 777 1457 teneo.
800 1411 947 1460 revocare
963 1413 1011 1456 me
1026 1411 1084 1456 nec

102 1481 202 1541 debes
217 1496 275 1540 nec
291 1484 410 1554 potos.“
439 1487 532 1556 atque
545 1481 587 1541 ita
601 1479 690 1560 iussit
704 1479 804 1541 lumen
821 1495 910 1542 omne
925 1481 1084 1555 praecludi

103 1573 135 1625 et
148 1580 184 1624 se
200 1565 231 1622 in
248 1565 391 1625 tenebras
405 1565 550 1632 condidit.
580 1564 707 1638 Cognito
727 1565 856 1626 oonsilio
878 1563 945 1624 cius
962 1561 1114 1638 publicar

102 1649 250 1722 voluptas
265 1647 345 1722 erat,
367 1647 453 1723 quod
473 1663 491 1707 e
513 1646 654 1707 faucibus
674 1646 922 1708 avidissimorum
941 1648 1085 1721 luporum

103 1733 289 1790 educeretur
309 1731 434 1805 praeda.
467 1737 664 1791 accusatores
686 1729 798 1790 Seiano
826 1739 952 1792 auctore
971 1731 1086 1790 adeunt

103 1815 268 1874 consulum
284 1813 465 1888 tribunalia,
487 1820 654 1890 queruntur
674 1812 751 1874 mori
773 1815 919 1888 Cordum,
942 1821 974 1873 ut
994 1814 1083 1890 inter-

105 1899 257 1972 pellantes
284 1899 369 1972 quod
398 1903 577 1973 coegerant:
604 1898 682 1956 adeo
703 1896 762 1957 illis
784 1897 903 1958 Cordus
924 1895 1086 1956 videbatur

15 2017 20 2041 ·.
104 1980 257 2055 elingere.
289 1981 402 2056 lllagna
415 1995 466 2040 res
487 1987 567 2052 erat,
590 1981 644 2056 [in]
669 1979 850 2056 quaestione
870 1995 909 2039 an
930 1976 1114 2042 mortereis

106 2064 318 2138 perderentur.
352 2065 425 2124 dum
446 2065 643 2136 deliberatur,
665 2063 736 2122 dum
759 2070 956 2124 accusatores
976 2062 1084 2122 iterum

102 2146 235 2219 adeunt,
252 2148 302 2206 ille
316 2163 352 2206 se
365 2147 549 2207 absolverat.
571 2147 723 2220 Videsne,
737 2147 865 2220 Marcia,
882 2153 1015 2224 quantae
1028 2144 1084 2204 ini-

107 2246 240 2304 quorum
267 2237 437 2306 temporum
466 2231 549 2290 tices
576 2245 616 2289 ex
641 2230 796 2304 inopinato
822 2229 985 2304 ingruantt
1016 2227 1085 2302 tles,

104 2314 194 2388 quod
211 2314 300 2373 alicui
321 2320 440 2374 tuorum
456 2313 534 2374 mori
551 2327 681 2374 necesse
696 2314 769 2372 luitt
797 2329 896 2389 paene
916 2329 976 2372 non
992 2312 1085 2372 licuit.

164 2396 270 2455 XXlll.
291 2396 414 2457 Praeter·
434 2398 492 2459 hoc
514 2396 599 2472 qtrod
613 2411 703 2456 omne
723 2397 858 2456 laturum
877 2395 1026 2456 incertum
1040 2397 1115 2455 estl

106 2487 139 2540 et
156 2480 196 2538 ad
212 2479 363 2540 deteriora
378 2478 500 2553 certius,
518 2478 741 2539 facillimum
764 2480 810 2538 ad
824 2494 990 2554 superos
1011 2479 1087 2538 iter

105 2570 169 2622 est
189 2562 330 2622 animis
352 2561 429 2624 cito
451 2564 496 2622 ab
516 2562 678 2622 humana
704 2559 1009 2622 conversatione
1030 2560 1086 2618 di·

107 2646 253 2706 missis.
293 2645 448 2706 minimum
480 2647 559 2705 enim
593 2645 688 2704 laeuis
719 2644 891 2720 [ponderis]
920 2649 1086 2702 traxerunt.

111 2737 274 2802 antequam
290 2729 479 2790 obducerent
493 2736 524 2788 et
538 2727 627 2788 altius
643 2734 763 2787 terrena
778 2725 990 2801 conciperent,
1012 2725 1088 2786 libe·

106 2812 180 2883 rati,
202 2812 335 2871 leviores
350 2813 390 2872 ad
405 2813 552 2887 originem
567 2825 654 2870 suam
667 2812 807 2870 revolant
821 2817 850 2869 et
867 2808 986 2870 lucilius
1002 2809 1087 2886 quie·

107 2895 183 2970 quid
210 2902 259 2954 est
289 2894 363 2954 illud
385 2893 519 2956 'obsoleti
546 2893 683 2967 inlitique
707 2894 820 2954 eluunt.
857 2907 913 2952 neo
942 2907 1119 2969 umquamn

107 2977 228 3052 magnis
251 2977 380 3052 ingeniis
402 2993 471 3038 cara
495 2976 526 3037 in
548 2991 679 3052 corpore
700 2993 785 3037 mora
806 2983 862 3036 est.
891 2976 975 3036 exire
996 2983 1089 3052 atque

105 3076 273 3135 erumpere
293 3062 440 3137 gestiunt,
461 3076 553 3135 aegre
568 3060 624 3120 ltus
639 3061 797 3134 angustias
814 3061 928 3132 ierunt,
949 3061 1019 3134 vagi
1034 3075 1090 3134 per

106 3159 215 3217 omne,
246 3145 393 3205 sublimes
414 3143 505 3204 etex
528 3146 588 3204 atto
615 3142 735 3204 adsueti
757 3144 889 3204 hamana
910 3144 1088 3218 despicerer

109 3228 181 3286 inde
197 3235 246 3301 est
267 3229 350 3302 quod
365 3228 469 3288 Platon
486 3229 610 3288 clamat:
633 3228 781 3302 sapientis
801 3228 932 3288 animum
949 3234 1041 3288 toturn
1058 3226 1088 3284 in

108 3318 239 3371 mortem
255 3312 445 3386 prominere,
466 3309 525 3371 lroo
540 3311 633 3386 velle,
650 3311 709 3372 hoe
723 3301 875 3382 meditari,
891 3310 949 3370 hac
965 3324 1091 3383 semper

108 3394 258 3468 cupidine
274 3395 344 3454 terri
366 3395 395 3454 in
416 3393 569 3456 exteriora
583 3394 767 3456 tendentem.
800 3393 878 3467 Quid
893 3400 940 3467 tu,
963 3389 1118 3465 Marciae
