2546 3890
214 207 279 272 aba
494 207 527 266 L.
547 207 693 268 ANNAEI
713 206 887 270 SENECAE

216 363 334 422 tissima
353 360 460 421 itinera
475 360 542 420 sine
555 359 779 420 intermissione
794 359 935 419 defluens
953 359 1090 434 eliditur,
1115 379 1201 437 quo-

216 445 297 504 tiens
313 443 426 519 aliquid
449 443 576 515 obstitit,
600 443 683 517 qrrod
705 459 828 502 cursum
845 443 916 502 eius
939 444 1021 504 velut
1043 447 1199 504 torrentis

218 528 317 604 rapidi
333 533 515 600 moraretur,
539 526 568 584 in
591 543 651 600 qua
667 525 762 584 tribus
780 525 890 585 eodem
908 533 1045 601 tempore
1063 527 1197 588 theatris

218 613 287 671 viae
304 611 509 685 postulantur,
532 610 561 668 in
578 625 638 683 qua
654 609 842 668 consumitur
857 609 1003 683 quicquid
1019 611 1109 670 terris
1127 629 1196 671 om·
1257 671 1258 688 q

218 695 309 754 nibus
327 701 444 755 aratur:
468 700 581 767 quanta
606 691 738 752 solitudo
764 698 794 750 et
813 693 940 752 vastitas
961 695 1062 754 lutura
1081 695 1139 766 sit,
1168 695 1196 754 si

218 777 292 838 nihil
320 776 501 852 relinquitur
529 773 588 834 nisi
618 775 701 850 quod
729 773 820 834 iudex
847 791 975 836 severus
1002 776 1197 838 absolverit?

183 872 205 924 2
219 861 336 934 Quotus
348 861 480 934 quisque
494 875 533 917 ex
549 857 762 932 quaestoribus
774 864 829 928 est,
846 859 896 932 qui
913 875 974 920 non
986 866 1024 920 'ex
1040 859 1111 935 ipsa
1123 863 1195 935 lege

218 951 370 1013 teneatur,
394 959 455 1016 qua
476 940 613 1015 quaerit?
636 941 897 1017 quotusquisque
918 951 1081 1004 accusator
1101 952 1195 1004 vacat

220 1029 331 1100 culpat
349 1033 379 1084 et
392 1024 497 1100 nescio
514 1041 552 1084 an
573 1039 662 1084 nemo
678 1025 718 1083 ad
737 1025 870 1099 dandam
895 1027 1014 1086 veniam
1036 1027 1194 1088 difficilior

183 1111 258 1170 :tsit
274 1125 364 1184 quam
387 1109 439 1184 qui
459 1109 540 1168 illam
562 1114 666 1183 petere
691 1108 816 1182 saepius
837 1109 954 1169 meruit.
988 1108 1192 1175 Peccavimus

219 1199 343 1254 omnes:
373 1194 423 1252 alii
448 1192 566 1266 gravia,
589 1191 640 1251 alii
663 1191 792 1264 leviora,
815 1192 863 1250 alii
887 1207 926 1250 ex
943 1192 1111 1266 destinato,
1141 1193 1193 1253 alii

217 1279 296 1338 torte
311 1275 425 1350 inpulsi
439 1283 491 1335 aot
507 1274 606 1335 aliena
621 1275 756 1348 nequitia
768 1275 874 1347 ablati,
895 1275 945 1336 alii
960 1277 989 1336 iu
1008 1277 1100 1338 bonis
1116 1293 1191 1336 con-

215 1359 295 1420 siliis
312 1377 419 1434 parum
434 1360 550 1420 sortiter
565 1358 701 1418 stetimus
717 1365 747 1416 et
761 1359 963 1418 innocentiam
977 1360 1063 1420 inviti
1084 1377 1121 1420 ac
1143 1377 1191 1420 re-

218 1444 347 1503 nitentes
363 1442 562 1518 perdidimus.
593 1456 650 1500 nec
671 1441 854 1516 deliquimus
870 1449 999 1514 tantum,
1017 1444 1075 1503 sed
1089 1459 1192 1519 usque

186 1532 203 1584 i
219 1527 255 1586 ad
273 1534 440 1586 extremum
455 1525 523 1586 aevi
538 1526 761 1598 delinquemus.
795 1525 891 1584 Etiam
909 1527 935 1586 si
951 1527 1018 1600 quis
1033 1533 1095 1586 tarn
1109 1527 1191 1586 hene

218 1609 277 1668 iam
304 1609 445 1684 purgavit
464 1609 610 1680 animum,
633 1615 666 1666 ut
688 1607 759 1666 nihil
781 1608 944 1669 obturbare
966 1625 1035 1668 eum
1056 1611 1190 1684 amplius

218 1694 361 1766 possitae
373 1693 491 1764 fallere,
505 1692 752 1752 adinaoccntiam
760 1699 859 1752 tamen
869 1693 1025 1766 peccando
1040 1695 1189 1766 pervenit.

182 1784 202 1836 1
300 1775 365 1834 VII.
389 1775 537 1849 Quoniam
560 1775 686 1835 deorum
704 1775 762 1834 ieci
781 1768 978 1848 mentiormm,
998 1777 1114 1850 optime
1130 1777 1189 1836 hoo
1257 1821 1258 1860 ἒ

218 1859 389 1934 exemplum
405 1859 534 1934 principi
549 1859 743 1931 constituam,
763 1857 907 1934 adquod
924 1861 1083 1932 formetur,
1106 1867 1141 1920 ut
1155 1875 1190 1919 se

217 1943 308 2004 talem
324 1958 395 2004 esse
411 1943 528 2002 civibus
544 1943 650 2016 quales
666 1941 724 2002 sibi
745 1942 821 2001 deos
841 1943 921 2002 velit.
964 1943 1099 2018 Expedit
1113 1959 1187 2017 ergo
1257 1943 1258 2006 l

216 2026 333 2085 habere
360 2027 558 2088 inexorabilia
584 2025 719 2098 peccatis
743 2033 836 2100 atque
860 2025 1016 2086 erroribus
1042 2027 1189 2086 numina?
1257 2021 1258 2106 ζ

218 2109 457 2184 expeditusque
471 2110 509 2168 ad
525 2109 658 2168 ultimam
673 2109 783 2168 intesta
798 2109 983 2182 perniciema
1003 2117 1033 2168 et
1054 2109 1124 2184 quis
1139 2126 1187 2169 re·
1257 2151 1258 2188 ἶ

218 2207 289 2264 gum
305 2193 362 2250 erit
379 2199 476 2263 tutus,
501 2192 587 2250 cuius
602 2208 663 2251 non
678 2193 814 2252 membra
828 2192 1009 2267 haruspices
1024 2193 1188 2267 colligant?
1257 2211 1258 2220 ¹

179 2280 203 2330 a
218 2273 304 2346 Quod
322 2275 347 2332 si
363 2273 394 2333 di
411 2274 576 2348 placabiles
591 2282 622 2334 et
636 2276 727 2350 aequi
741 2276 851 2334 delicta
865 2277 1032 2350 potentium
1047 2293 1108 2336 non
1125 2283 1186 2336 sta·

216 2358 268 2416 tim
286 2357 460 2418 fulminibus
478 2365 717 2432 persequuntur,
742 2366 854 2432 quanto
875 2361 1003 2433 aequius
1024 2368 1071 2420 est
1091 2360 1187 2420 homi·
1257 2395 1258 2436 3

217 2455 287 2500 nem
306 2441 478 2509 hominibus
500 2441 708 2515 praepositum
728 2442 789 2500 miti
812 2442 911 2501 animo
927 2457 1072 2502 exercere
1091 2443 1187 2517 impe·
1257 2437 1258 2518 l

213 2525 294 2583 rium
309 2531 339 2584 et
354 2526 503 2599 cogitare,
526 2531 626 2584 ulrum
641 2525 745 2584 mundi
760 2533 856 2584 status
878 2527 991 2598 gratior
1006 2526 1104 2586 oculis
1119 2529 1186 2600 pul·
1257 2579 1258 2604 ἶ

160 2680 162 2683 ¹
217 2607 380 2684 chriorque
395 2608 433 2668 sit
448 2623 557 2666 sereno
574 2615 604 2668 et
618 2624 694 2682 puro
710 2609 759 2666 die
773 2625 811 2666 an
827 2625 919 2682 quum
935 2607 1107 2684 fragoribus
1122 2625 1184 2668 cre·
1257 2637 1258 2692 p

216 2689 279 2749 bris
296 2692 396 2750 omnia
413 2692 587 2766 quatiuntur
606 2697 636 2750 et
656 2691 742 2764 ignes
763 2691 834 2751 hinc
848 2698 939 2765 atque
958 2691 1039 2752 illinc
1055 2693 1186 2752 micant?
1257 2697 1258 2760 ξ

215 2774 300 2846 atqui
316 2791 375 2834 non
392 2773 451 2846 alia
472 2774 565 2832 iacies
588 2780 636 2832 est
653 2775 746 2847 quieti
765 2775 934 2848 moratique
954 2774 1072 2849 imperii
1095 2793 1185 2850 quam

179 2867 203 2920 3
219 2859 319 2916 sereni
334 2858 410 2918 coeli
425 2865 455 2916 et
469 2856 601 2916 nitentis.
645 2857 773 2918 Crudele
786 2873 914 2932 regnum
934 2857 1086 2919 turbidum
1102 2867 1184 2918 tene-

217 2939 343 3014 brisque
362 2941 525 3002 obscurum
541 2948 602 3012 est,
620 2941 697 3002 inter
711 2949 873 3001 trementes
889 2949 919 3002 ct
939 2943 976 3000 ad
993 2942 1183 3016 repentinum
1257 2925 1258 2972 ³

212 3023 349 3082 sonitum
364 3031 605 3098 expavescentes
626 3039 665 3081 ne
686 3039 723 3086 eo
745 3025 868 3098 quidem
884 3025 936 3099 qui
951 3026 1053 3085 ornnia
1067 3032 1183 3099 pertur-

212 3103 267 3170 bat
280 3107 475 3168 inconcusso.
505 3105 642 3166 Facilius
658 3106 784 3180 privatis
802 3107 970 3180 ignoscitur
993 3107 1183 3182 pertinaciter

211 3202 251 3246 se
264 3189 498 3250 vindicantibus.
520 3197 651 3264 possunt
666 3190 743 3248 enim
760 3191 839 3250 laedi
856 3191 1005 3266 dolorque
1025 3206 1130 3251 eorum
1145 3191 1183 3250 ab

212 3267 325 3330 iniuria
338 3274 429 3332 veuit.
458 3273 562 3334 timent
582 3281 741 3348 praeterea
761 3281 981 3350 contemptum,
1004 3281 1035 3336 et
1054 3290 1116 3334 non
1136 3289 1183 3332 re·

212 3354 326 3413 tulisse
341 3356 532 3415 laedentibus
552 3356 679 3430 gratiam
697 3355 856 3418 infirmitas
877 3357 1013 3431 uidetur,
1040 3373 1101 3418 non
1124 3357 1182 3416 cie·

211 3436 340 3496 mentia:
363 3443 393 3495 at
415 3439 462 3496 cui
483 3439 555 3498 ultio
577 3439 608 3497 in
634 3437 714 3498 sacili
735 3447 796 3515 est,
818 3441 845 3500 is
867 3442 983 3502 omissa
1009 3456 1046 3500 ea
1071 3445 1184 3500 certam
