2528 3906
202 231 280 302 ¹142
391 230 425 290 L.
447 230 595 294 nunant
617 229 792 290 SENECAE
813 228 920 288 utAL.
938 230 1003 288 l'll.

212 383 276 442 bris
292 383 392 442 vicina
412 383 577 444 transimus
593 381 780 442 offensantes
801 397 839 440 ea
853 381 922 458 ipso
938 398 1016 456 quae
1032 384 1200 443 desidera-

183 483 291 534 amus.
318 464 379 527 Sed
401 481 439 524 no
453 472 483 526 te
504 481 560 540 per
581 465 755 526 circumitus
770 465 902 539 traham,
923 467 1050 525 aliorum
1067 468 1196 540 quidem

213 550 375 624 opiniones
401 549 584 623 praeteribo.
619 565 687 607 nam
714 556 744 608 et
768 564 948 608 enumerare
972 548 1040 608 illas
1064 552 1195 622 longum

213 640 262 694 est
276 640 306 694 et
320 647 502 706 coargucrc=
525 639 659 692 nostram
673 631 790 705 accipe.
817 639 989 692 nostram
1005 639 1105 690 autent
1123 648 1198 692 cunr

213 715 299 788 dico,
321 732 382 776 nnn
404 714 506 788 adligo
526 731 574 774 me
586 715 735 778 ,ad-unum
750 714 881 790 aliquem
898 732 937 774 ex
953 713 1065 774 Stoicis
1081 731 1195 790 proce-

212 799 308 858 ribus.
336 805 384 858 cst
404 804 434 856 et
453 798 526 858 milri
541 799 686 858 censendi
701 797 759 858 ius.
789 798 1045 872 itaquoaliquom
1067 813 1198 874 monor,

214 883 345 956 aliquem
371 881 483 942 iubebo
516 881 696 940 sententiam
721 881 866 942 diuidere.
907 883 1043 942 tortasse
1064 889 1095 942 et
1119 891 1197 957 post

214 980 322 1026 omnes
339 963 535 1041 citatnsnilril
550 963 720 1038 inprobabo
736 979 776 1022 ex
790 965 838 1037 iis,
855 981 934 1038 quac
950 961 1199 1039 prioresdecro.

182 1047 326 1122 crerint,
347 1045 512 1106 ardicam:
535 1047 614 1120 „hoc
635 1048 932 1121 ampliuscsnssor‘
965 1047 1086 1108 interim
1105 1050 1197 1124 quod

213 1131 291 1190 inter
312 1130 411 1190 omnis
428 1129 549 1190 Stoicos
572 1130 729 1204 convenit,
754 1147 856 1192 rerum
876 1137 1002 1190 naturae
1022 1132 1196 1192 adsentior.

213 1215 252 1272 ab
267 1215 316 1273 illa
331 1230 394 1273 non
410 1213 552 1272 deerrare
567 1221 597 1273 et
611 1214 650 1274 ad
664 1213 745 1274 illins
761 1216 859 1288 legem
874 1214 1114 1289 exemplumque
1129 1215 1195 1274 ior-

213 1297 288 1356 mari
300 1295 452 1370 sapientia
465 1304 528 1356 esti
546 1297 657 1358 brenta
673 1305 732 1356 cst
747 1312 836 1370 ergo
849 1297 932 1358 vita
947 1299 1196 1358 conueniens

212 1388 375 1450 naturae
389 1396 498 1452 suae,
515 1394 595 1454 quae
609 1395 670 1439 non
686 1381 773 1440 aliter
784 1381 1082 1454 contingerepotest,
1098 1397 1196 1454 qnam

213 1464 240 1522 si
267 1465 394 1536 primurn
420 1479 496 1522 sana
521 1479 608 1522 mens
634 1469 683 1522 est
702 1470 739 1522 'ct
762 1461 792 1522 in
816 1470 963 1538 perpetua
984 1465 1196 1537 possessione

212 1546 350 1606 sanitatis
366 1562 450 1619 suae,
466 1545 578 1606 deinde
592 1547 731 1607 fortisan
746 1545 945 1619 vehemens*
960 1547 1193 1620 tuncpulcher·

211 1629 287 1688 rima
302 1635 333 1688 et
348 1629 482 1704 patiens,
502 1635 572 1702 apta
586 1631 790 1704 temporibus,
812 1631 952 1704 corporis
974 1629 1020 1690 sui
1035 1630 1194 1704 pertinen-

212 1707 348 1786 tiumque
373 1712 412 1770 ad
437 1712 466 1772 id
494 1713 615 1772 curiosa
640 1729 700 1772 non
725 1712 824 1772 anxie.
857 1711 1065 1772 tumaliarum
1087 1728 1197 1774 rerum

214 1795 403 1868 quaesitam
425 1794 590 1868 instruunt,
616 1795 747 1869 diligens
776 1795 843 1854 sine
869 1795 1068 1856 admiratione
1088 1797 1195 1856 cuius

165 1884 314 1951 ,dquam
333 1895 427 1938 usura
442 1879 581 1938 fortunae
597 1879 789 1950 muneribus,
813 1895 874 1938 non
890 1879 1049 1939 servitum.
1072 1879 1194 1938 intelle-

212 1961 276 2034 gis,
298 1961 415 2022 etiamsi
440 1979 499 2025 non
523 1962 665 2032 adiciam,
688 1962 777 2036 sequi
798 1969 975 2036 perpetuam
991 1961 1193 2035 tranquillus·

202 2052 287 2116 tem,
308 2044 476 2106 libertatem
493 2045 631 2118 depulsis
647 2046 683 2103 iis
698 2061 777 2118 qnae
791 2053 843 2106 aut
857 2045 978 2106 inritant
991 2059 1050 2105 nos
1064 2051 1118 2104 aut
1131 2053 1191 2104 ter·

212 2128 311 2188 ritant.
335 2142 403 2192 narn
426 2128 503 2204 [pro]
527 2127 733 2202 voluptatibus
753 2135 783 2187 et
799 2144 855 2202 pro
874 2129 931 2186 illis
948 2143 1027 2202 quae
1042 2143 1193 2201 parvane

213 2209 332 2284 fragilia
353 2217 424 2270 sunt
444 2211 524 2270 etin
545 2209 623 2285 ipsis
645 2210 890 2284 flagitiis-noxia,
912 2210 1192 2285 ingensgaudium

214 2291 310 2362 subit,
336 2291 553 2354 inconcussum
578 2301 608 2358 et
633 2295 771 2369 aequale.
803 2301 866 2354 lunt
890 2309 950 2368 pax
975 2301 1005 2352 at
1023 2294 1193 2354 concordia

214 2375 305 2434 animi
326 2382 356 2434 et
376 2375 553 2449 magnitudo
575 2393 641 2436 cnm
659 2377 900 2438 mansuetudine.
931 2377 1028 2436 omnis
1048 2377 1129 2436 enim
1150 2392 1191 2434 cx

213 2457 384 2518 infirmitate
398 2459 501 2520 leritas
516 2468 573 2520 cst.
746 2501 750 2512 ·

184 2551 197 2603 l
274 2543 326 2601 tv.
355 2542 493 2603 Potest
521 2544 639 2602 aliter
670 2559 827 2618 quoque
857 2542 1018 2602 deliniri
1048 2541 1191 2604 bonum

213 2632 402 2698 nostrum,
427 2624 527 2686 idest
544 2627 650 2686 cadem
673 2626 822 2686 sententia
843 2641 902 2688 uon
927 2625 1037 2686 iisdem
1059 2641 1190 2700 conpre-

213 2708 304 2770 hendi
340 2708 452 2768 verbis
499 2709 758 2803 Quemadmodum
793 2709 873 2768 idem
909 2707 1085 2770 exercitus
1096 2709 1192 2769 modo

209 2791 301 2850 latius
323 2792 479 2866 panditur,
506 2791 630 2853 modo'
624 2809 652 2850 m
680 2799 840 2867 angustum
862 2799 1014 2858 coartatur
1033 2799 1065 2852 et
1087 2793 1168 2852 aut
1160 2811 1191 2850 m
1254 2789 1255 2848 l

213 2891 328 2950 cornua
354 2875 473 2951 sinuata
499 2875 598 2944 media
626 2882 713 2949 parte
737 2881 879 2937 curvatur
903 2881 955 2935 aut
979 2881 1063 2935 recta
1089 2876 1192 2934 fronte

212 2945 453 3032 explicuimus
470 2959 526 3031 illi,
544 2965 708 3031 utcumque
725 2958 883 3026 ordinatus
898 2967 959 3032 est,
976 2959 1082 3018 eadem
1098 2967 1146 3021 ast
1161 2967 1192 3018 ct
1254 2953 1255 2992 ³

212 3040 353 3100 voluntas
379 3057 436 3114 pro
459 3039 567 3100 iisdem
593 3041 731 3116 partibus
753 3041 868 3102 standi:
900 3043 942 3102 ita
960 3041 1056 3103 finitio
1080 3042 1190 3103 summi

211 3123 284 3182 boni
299 3123 374 3184 alias
391 3124 518 3184 diffundi
541 3133 644 3199 potest
664 3132 693 3184 ot
708 3125 878 3200 exporrigi,
898 3125 975 3184 olias
996 3125 1097 3198 colligi
1109 3131 1142 3185 et
1157 3123 1189 3182 in

182 3214 246 3268 ase
270 3207 348 3280 cogi
385 3207 468 3268 Idem
489 3206 592 3282 itaque
612 3209 684 3281 erit,
710 3208 735 3268 si
757 3207 879 3270 dixero=
902 3223 1052 3270 summum
1074 3208 1189 3268 bonum

212 3297 260 3348 est
275 3291 394 3351 animus
410 3289 530 3349 fortuita
546 3291 730 3366 despiciens,
749 3289 858 3352 virtute
872 3291 978 3363 laetus,
994 3297 1060 3357 aut:
1076 3289 1190 3350 invicta

212 3372 259 3432 vis
275 3373 380 3442 animi,
396 3374 500 3446 perita
514 3389 628 3446 rerum,
652 3374 772 3448 placida
792 3375 821 3434 in
837 3383 906 3434 actu
921 3390 988 3433 enm
1003 3373 1190 3438 humanitate
1254 3403 1255 3454 l

212 3456 307 3514 multa
321 3461 350 3513 ct
366 3457 609 3515 conversantium
625 3472 707 3516 cura.
729 3457 801 3516 libet
815 3465 845 3516 et
858 3458 898 3516 ila
910 3455 1006 3528 finire,
1021 3463 1054 3524 ul
1064 3456 1190 3518 beatum
