2522 3906
92 235 354 298 CONTUMELIAM
369 233 559 298 lactinae
575 238 801 298 SAPIENTEM.
822 240 969 300 Vll-[X.
991 238 1031 302 25

75 407 147 448 suum
164 390 281 448 fortuna
297 389 462 462 consumit,
488 407 588 464 aequo
605 392 789 468 placidoque
803 395 903 454 animo
920 394 1032 469 aecipi-

25 483 27 490 '
76 490 128 534 mus
142 479 170 532 et
185 472 299 532 seimus
313 480 441 533 mortem
457 475 568 534 malum
584 491 644 534 non
660 491 746 548 esse,
773 478 811 536 ob
827 477 939 537 hocne
955 477 1031 537 iniu-

76 559 134 614 riam
157 557 295 630 quidem:
320 559 415 617 multo
437 557 556 618 facilius
577 559 636 618 alia
656 559 851 619 tolerabimus
873 562 983 620 damna
1003 568 1033 620 et

75 641 188 714 dolores,
213 641 406 714 ignominias,
434 643 573 702 locorum
589 643 849 716 commutationes,
878 645 1031 716 orbitates,

74 723 192 797 discidia,
208 739 290 798 quae
304 725 482 798 sapientem,
495 725 583 784 etiam
596 725 623 784 si
634 725 778 786 universa
790 725 1033 798 circumveniant,

74 821 120 864 non
134 815 284 881 mergunt,
298 809 411 867 nedum
425 817 458 868 ut
472 809 511 866 ad
528 808 716 883 singulorum
730 809 1033 884 inpulsus'moereat.

73 887 134 950 Etsi
148 892 287 950 fortunae
302 891 426 950 iniurias
442 891 597 952 moderate
612 894 677 966 fert,
699 901 811 967 quanto
827 895 923 969 magis
938 893 1033 956 homi-

74 990 130 1032 num
144 975 320 1048 potentium,
339 991 417 1050 quos
433 976 491 1034 scit
505 977 644 1034 fortunae
660 993 767 1036 manus
785 985 878 1037 esset

121 1059 166 1117 IX.
199 1057 307 1118 Omnia
322 1059 425 1134 itaque
444 1058 488 1117 sic
504 1058 614 1132 patitur
628 1067 661 1119 ut
676 1059 783 1120 hiemis
800 1063 932 1135 rigorem
946 1069 975 1121 et
990 1063 1032 1120 in·
1049 1080 1063 1130 l

72 1141 286 1216 temperantiam
298 1143 384 1216 coeli,
400 1149 433 1202 ut
447 1143 585 1204 fervores
600 1143 787 1218 morbosque
806 1152 835 1204 et
846 1152 946 1204 cetera
956 1147 1034 1204 forte

26 1299 27 1304 ἵ
72 1226 235 1300 accidentia,
262 1242 321 1286 neo
342 1226 381 1286 de
404 1242 559 1300 quoquam
580 1233 639 1286 tam
654 1227 733 1286 bene
748 1229 874 1300 iudicat,
904 1231 1032 1288 utillum

26 1317 27 1324 ’
73 1309 218 1384 quicquam
242 1316 330 1386 putet
349 1309 477 1369 consilio
499 1310 626 1380 fecisse,
658 1313 740 1384 quod
761 1313 790 1369 in
813 1329 874 1372 uno
896 1313 1034 1386 sapiente

72 1400 114 1451 est.
135 1394 263 1453 aliorum
279 1387 412 1454 onrniur'n
427 1410 487 1454 non
505 1393 643 1467 consilia,
656 1395 713 1453 sed
723 1395 847 1453 fraudes
863 1402 892 1454 et
905 1395 1035 1454 insidiae

72 1485 94 1535 et
105 1483 198 1536 motus
214 1477 387 1536 animorum
398 1475 545 1536 inconditi
561 1484 639 1549 sunt,
660 1494 739 1552 quos
755 1477 877 1536 casibus
890 1478 1034 1549 adnume-

71 1567 113 1617 rat.
146 1577 234 1620 omne
262 1568 363 1622 autem
390 1561 544 1621 fortuitum
570 1561 651 1620 circa
672 1577 729 1622 nos
744 1562 842 1622 saevit
856 1568 886 1621 et
905 1561 935 1620 in
955 1561 1034 1620 vitia.

71 1643 132 1702 lllud
152 1659 279 1719 quoque
301 1643 425 1718 cogitat,
450 1644 628 1704 iniuriarum
649 1645 796 1706 latissime
817 1653 923 1720 patere
943 1652 1068 1705 mate-a

71 1728 131 1785 riam
143 1727 210 1800 illis,
227 1744 287 1804 per
302 1744 382 1802 quae
396 1728 562 1802 periculum
577 1728 665 1788 nobis
681 1729 852 1804 quaesitum
868 1737 923 1800 est,
938 1737 971 1789 ut
985 1744 1035 1788 ac-

71 1818 195 1871 cusatorc
216 1811 375 1871 submisso
396 1819 447 1870 aut
467 1811 674 1872 criminatione
695 1813 773 1872 falsa
793 1821 845 1872 aut
864 1813 990 1872 inritatis
1006 1812 1035 1870 in

71 1910 116 1953 nos
134 1895 342 1968 potentiorum
363 1893 512 1968 motibus,
539 1911 681 1970 quaeque
697 1896 755 1956 alia
769 1897 847 1956 inter
861 1904 981 1968 togatos
994 1897 1035 1953 la-

72 1978 180 2038 trocinia
194 1986 277 2038 sunt.
315 1985 363 2038 est
377 1987 406 2038 et
431 1977 482 2038 illa
497 1979 606 2038 iniuria
621 1981 781 2052 frequens,
805 1979 831 2036 si
853 1981 968 2038 lucrum
985 1979 1036 2036 ali-

25 2115 26 2120 ,
72 2063 142 2121 cuius
157 2079 327 2124 excussum
340 2070 386 2122 est
401 2069 453 2122 aut
469 2062 633 2136 praemium
650 2063 701 2122 diu
714 2069 876 2136 captatum,
889 2063 914 2122 si
926 2077 1035 2135 magno

25 2135 26 2152 ¹
70 2143 158 2204 labore
172 2146 329 2206 adfectata
342 2145 496 2206 hereditas
512 2161 623 2205 aversa
638 2153 685 2206 est
705 2153 734 2206 et
755 2155 961 2220 quaestuosae
982 2146 1035 2204 do-

70 2243 124 2288 mus
137 2231 233 2303 gratia
249 2237 370 2304 erepta:
393 2230 470 2288 haec
485 2229 590 2303 effugit
607 2230 740 2304 sapiens,
757 2230 808 2304 qui
823 2231 921 2289 nescit
935 2245 992 2287 nec
1007 2231 1035 2286 in

70 2325 143 2384 spem
157 2329 215 2372 neo
230 2313 261 2372 in
277 2321 390 2374 metum
408 2315 521 2372 vivere.
558 2313 655 2372 Adice
683 2329 764 2372 nunc
791 2315 874 2388 quod
899 2312 1065 2374 iniuriam3

69 2411 145 2457 nemo
166 2397 285 2458 inmota
306 2405 405 2456 mente
422 2397 547 2470 accipit,
574 2397 630 2455 sed
645 2397 684 2456 ad
700 2413 825 2457 sensum
840 2397 906 2456 eius
923 2401 1037 2470 pertur-

69 2478 152 2538 batur.
188 2488 275 2540 caret
295 2488 395 2540 autem
411 2479 637 2556 perturbatione
655 2481 701 2539 vir
715 2487 845 2540 erectus.
882 2477 1037 2538 erroribus

69 2563 231 2624 moderatur
246 2565 312 2624 suis
327 2565 406 2624 altae
422 2563 532 2646 quietis
547 2572 577 2624 et
591 2565 739 2638 placidae.
768 2563 881 2624 namsi
896 2561 991 2633 tangit
1004 2559 1036 2615 il-

70 2645 118 2703 lum
131 2646 252 2720 iniuria,
269 2655 299 2708 et
313 2655 415 2708 movet
428 2655 459 2707 et
473 2647 598 2722 inpedit.
632 2654 715 2706 earet
729 2653 830 2706 autem
844 2646 889 2703 ira
903 2643 1037 2718 sapiens,

71 2743 148 2800 quam
169 2732 285 2791 excitat
303 2731 430 2792 iniuriae
455 2732 592 2806 species,
614 2746 671 2790 neo
686 2729 772 2790 aliter
788 2735 904 2788 careret
917 2727 963 2787 ira
979 2727 1038 2785 nisi

70 2820 92 2870 et
103 2813 225 2886 iniuria,
253 2831 344 2890 quam
360 2816 418 2875 scit
433 2815 491 2875 sibi
505 2831 565 2874 non
582 2829 677 2890 posse
693 2813 775 2872 fleri:
804 2812 875 2872 inde
891 2819 950 2874 tam
973 2826 1038 2869 ere-

26 2927 27 2936 ,
71 2902 124 2958 ctus
137 2900 302 2972 laetusque
317 2905 372 2970 est,
387 2899 458 2958 inde
475 2899 618 2960 continuo
634 2897 746 2972 gaudio
762 2899 868 2957 elatus.
892 2896 970 2955 adeo
987 2911 1038 2953 au-

69 2983 118 3038 tem
141 2982 182 3040 ad
209 2981 398 3044 offensiones
418 2999 518 3042 rerum
532 2982 751 3056 hominumque
766 2997 827 3042 non
843 2978 1037 3049 contrabitur,

69 3070 94 3120 ut
111 3063 178 3138 ipsa
193 3066 237 3124 illi
252 3065 361 3124 iniuria
373 3067 441 3126 usui
461 3065 514 3139 sit,
546 3083 600 3140 per
620 3081 711 3140 quam
730 3063 978 3138 experimentum
991 3063 1039 3120 sui

70 3147 140 3220 capit
155 3156 186 3208 et
201 3149 342 3210 virtutem
357 3155 490 3223 temptat:
525 3149 710 3220 Faveamus,
733 3149 864 3208 obsecro
881 3163 953 3219 vos,
969 3145 1070 3205 huica

69 3231 220 3305 proposito
238 3232 408 3308 aequisque
430 3241 459 3292 et
479 3233 586 3292 animis
602 3239 632 3291 et
646 3231 771 3291 auribus
789 3231 942 3303 adsimus,
968 3230 1040 3289 dum

70 3316 183 3388 sapiens
199 3315 328 3376 iniuriae
342 3316 504 3389 excipitur:
520 3331 578 3376 nee
591 3317 753 3390 quicquam
766 3317 844 3375 adeo
858 3313 1040 3388 petulantiae

25 3363 27 3456 Ῐ
69 3405 178 3460 vestrae
197 3405 250 3458 aut
271 3400 478 3472 rapacissimis
500 3399 714 3474 cupiditatibus
731 3406 781 3458 aut
796 3414 908 3458 caecae
922 3394 1039 3456 temeri-

26 3471 27 3488 *
69 3481 110 3539 tati
126 3481 356 3557 superbiaeque
372 3483 546 3544 detrahitur.
568 3483 662 3542 salvis
677 3482 757 3542 vitiis
773 3482 884 3539 vestris
898 3479 975 3536 haec
990 3489 1037 3532 sa·
