2546 3890
102 223 348 322 aormnvrnn
359 252 892 318 maraunonconsonnrroun.
905 261 998 318 rau.
1015 253 1078 317 aas

104 421 164 473 tem
180 409 279 470 dolori
294 425 351 469 suo
368 422 532 484 quaerere:
548 413 581 468 tu
595 407 635 466 ad
649 407 730 466 illanr
744 412 775 466 te
789 414 819 467 et
833 406 979 482 quicquid
995 409 1077 482 cogi-

102 495 236 568 taveris,
258 495 373 553 conier.
406 491 473 551 sive
495 506 620 551 servare
641 491 731 550 istum
754 489 888 551 habitum
909 493 996 552 voles
1011 492 1077 552 sive

103 579 277 654 deponere,
305 577 388 652 apud
409 575 489 636 illam
509 574 647 634 invenies
669 573 718 633 vel
733 573 824 635 finem
839 575 955 636 doloris
969 575 1012 636 tui
1030 576 1077 634 vel

103 661 254 724 comitem.
275 659 339 722 Sed
353 659 380 719 si
392 658 582 734 prudentiam
597 657 839 732 perfectissimae
850 659 981 720 feminae
995 658 1106 732 nevi‚4

103 763 167 806 non
204 745 334 821 patietur
364 751 395 804 te
423 739 496 802 nihii
526 743 683 817 profuturo
713 757 853 802 moerore
881 741 1019 804 consumi
1048 751 1078 804 et

103 830 278 904 exemplum
293 827 346 886 tibi
360 843 465 899 suum,
480 825 567 886 cuius
582 839 642 900 ego
656 825 746 886 etiarn
760 832 915 901 spectator
930 827 987 899 iui,
1003 842 1078 885 nar-

101 913 192 972 rabit.
228 909 423 972 Carissimum
442 909 541 969 virum
554 907 712 983 amiserat,
727 911 911 970 avunculum
929 915 1075 980 nostrum,

103 996 154 1056 oui
174 995 261 1070 virgo
276 1000 438 1068 nupserat,
460 993 489 1052 in
505 993 575 1068 ipsa
590 993 713 1068 quidem
726 991 933 1068 navigatione:
954 993 1020 1054 tulit
1033 1002 1076 1054 ta-

102 1094 173 1140 men
193 1077 303 1139 eodem
323 1085 461 1152 tempore
478 1085 508 1138 et
522 1079 634 1138 luctum
648 1083 679 1136 et
691 1083 804 1138 metum
819 1077 990 1152 evictisque
1003 1085 1076 1138 tem-

102 1162 273 1239 pestatibus
295 1177 408 1236 corpus
430 1161 496 1220 eius
519 1161 668 1236 naufraga
682 1161 792 1221 evexit.
825 1159 955 1236 Oquam
970 1163 1104 1230 multa-5

101 1263 170 1308 rum
186 1244 309 1320 egregia
323 1260 418 1319 opera
432 1243 463 1304 in
475 1243 608 1310 obscuro
619 1244 733 1304 iacent!
757 1243 789 1305 Si
800 1244 869 1305 huic
881 1245 933 1305 ilia
945 1245 1077 1320 simplex

101 1327 290 1390 admirandis
312 1327 471 1391 virtutibus
493 1327 671 1402 contigisset
688 1328 865 1402 antiquitas,
893 1336 1006 1404 quanto
1032 1329 1075 1388 in·

101 1415 262 1489 geniorum
283 1411 446 1472 certamine
466 1412 670 1472 celebraretur
683 1426 777 1484 uxor,
805 1428 899 1487 quae,
925 1411 1018 1474 oblita
1031 1413 1075 1472 in-

102 1497 283 1568 becillitatis,
299 1495 392 1556 oblita
405 1495 559 1561 metuendi
574 1495 663 1555 ctiam
674 1494 857 1556 firmissimis
867 1497 969 1570 maris,
984 1503 1077 1571 caput

102 1589 193 1642 suum
216 1579 359 1655 periculis
381 1595 437 1655 pro
458 1579 617 1655 sepultura
631 1578 744 1639 obiecit
758 1587 801 1652 et,
823 1579 895 1639 dum
911 1579 1023 1655 cogitat
1037 1581 1076 1640 de

101 1665 158 1724 viri
180 1665 303 1738 iuuere,
329 1663 401 1722 nihil
423 1663 462 1723 de
478 1679 536 1724 suo
551 1662 668 1724 timuit?
697 1662 878 1723 Nobilitatur
891 1663 1075 1724 carminibus

102 1747 246 1821 omnium,
264 1762 387 1822 quaese
399 1762 455 1822 pro
467 1747 598 1820 coniuge
610 1744 753 1805 vicariam
763 1746 861 1806 dedita
873 1747 933 1808 hoc
945 1747 1075 1822 amplius

102 1838 165 1907 est,
181 1830 356 1892 discrimine
371 1831 450 1892 vitae
465 1830 639 1905 sepulcrum
657 1829 722 1889 viro
735 1845 893 1905 quaerere.
919 1831 1017 1891 maior
1028 1838 1076 1890 est

102 1929 203 1988 amor,
230 1913 280 1990 qui
305 1915 371 1990 pari
392 1911 528 1990 periculo
549 1913 649 1972 minus
663 1912 791 1977 redimit.
824 1913 898 1974 Post
910 1913 971 1974 hoc
985 1927 1104 1982 nemon

101 1998 234 2072 miratur,
251 1999 335 2074 quod
352 2013 406 2072 per
421 1995 556 2059 sedecim
571 2013 679 2067 annos,
696 1994 807 2072 quibus
821 1996 999 2076 Aegyptum
1013 2013 1075 2057 ma·

100 2081 178 2143 ritus
197 2082 271 2160 ,eius
292 2081 434 2156 obtinuit,
459 2096 624 2156 numquam
643 2080 674 2138 in
688 2080 811 2154 publico
827 2086 995 2156 conspecta
1012 2088 1073 2154 est,

101 2165 252 2226 neminem
267 2164 485 2240 provincialem
499 2165 622 2224 domum
636 2179 723 2224 suam
739 2163 872 2240 admisit,
889 2164 962 2224 nibil
976 2181 995 2225 a
1008 2165 1075 2226 viro

102 2249 201 2324 petiit,
225 2249 297 2309 nibil
312 2265 331 2308 a
346 2264 380 2308 se
395 2248 456 2324 peti
471 2263 566 2323 passa
580 2255 636 2308 est.
664 2247 770 2324 ltaque
784 2250 897 2325 loquax
913 2250 986 2310 etin
1002 2265 1074 2310 con·

101 2333 240 2394 tumelias
255 2332 478 2408 praefectorum
493 2331 654 2406 ingeniosa
667 2331 841 2406 provincia,
863 2335 892 2392 in
910 2349 971 2408 qua
985 2335 1073 2393 etiam

102 2417 154 2492 qui
175 2415 346 2476 vitaverunt
367 2417 503 2491 culpam,
528 2430 589 2476 non
610 2413 783 2490 effugerunt
797 2415 965 2488 infamiam,
991 2417 1075 2478 velut

100 2500 222 2560 unicum
244 2498 411 2560 sanctitatis
432 2496 605 2573 exemplum
620 2499 761 2572 suspexit
774 2506 817 2571 ct,
840 2501 923 2574 quod
937 2499 980 2558 illi
995 2500 1073 2560 diiii·

101 2581 244 2644 cillimum
266 2590 327 2654 est,
349 2583 398 2642 cui
413 2583 502 2642 etiam
518 2582 683 2657 periculosi
698 2581 780 2641 sales
796 2583 930 2656 placent,
953 2598 1073 2643 omnem

100 2667 265 2726 verborum
280 2666 429 2726 licentiam
445 2665 592 2727 continuit
606 2671 637 2725 et
650 2665 742 2724 hodie
757 2663 884 2725 similem
899 2663 950 2740 illi,
968 2681 1073 2740 quam·

102 2752 148 2809 vis
162 2765 328 2825 numquam
342 2755 459 2824 speret,
480 2764 603 2824 semper
617 2755 710 2824 optat.
739 2748 865 2808 Multum
882 2757 960 2823 erat,
976 2747 1003 2809 si
1017 2765 1073 2824 per

102 2833 237 2892 sedecim
253 2848 350 2892 annos
365 2833 447 2892 illam
461 2831 620 2908 provincia
633 2832 811 2908 probasset:
827 2835 897 2908 plus
911 2841 972 2908 est,
989 2834 1073 2908 quod

101 2916 259 2990 ignoravit.
282 2916 366 2976 Haec
381 2931 443 2976 non
457 2916 528 2976 ideo
542 2917 653 2990 refero,
667 2925 699 2977 ut
713 2916 821 2978 laudes
833 2917 899 2978 eius
910 2931 1071 2992 exsequar,
1084 2933 1100 2988 7

102 3016 181 3075 quas
201 2999 451 3060 circumscribere
473 3006 521 3060 est
541 3006 601 3059 tam
617 3015 710 3075 parce
724 3007 949 3074 transcurrere,
970 3001 1026 3060 sed
1040 3007 1073 3061 ut

100 3083 259 3158 intellegas
274 3083 375 3158 magni
389 3081 479 3142 animi
494 3098 566 3144 esse
580 3083 736 3158 seminam,
754 3099 845 3158 quarn
863 3099 923 3143 non
939 3081 1072 3158 ambitio,

100 3183 162 3228 non
177 3167 319 3240 avaritia,
335 3165 463 3226 comites
478 3167 578 3228 omnis
590 3166 744 3242 potentiae
755 3173 786 3226 et
795 3174 910 3242 pestes,
924 3167 1070 3241 vicerunt,

100 3267 161 3311 non
184 3259 282 3312 metus
304 3250 409 3311 mortis
431 3265 499 3310 eam
517 3257 673 3310 exarmata
692 3248 763 3310 navi
778 3250 969 3325 nauimgium
982 3267 1071 3313 suum

101 3341 290 3409 spectantem
312 3333 471 3408 deterruit,
498 3349 559 3408 quo
580 3332 680 3394 minus
705 3334 836 3394 exanimi
852 3335 917 3396 viro
939 3335 1070 3395 baerens

101 3434 161 3479 non
178 3424 354 3494 quaereret,
371 3417 628 3494 quemadmodum
642 3417 712 3478 iude
727 3417 838 3493 exiret,
853 3419 910 3479 sed
926 3418 1069 3494 quemad-

99 3501 225 3563 modum
240 3499 372 3564 eiierret.
392 3501 470 3563 Huic
485 3515 587 3578 parem
601 3501 739 3562 virtutem
751 3501 898 3563 exhibeas
910 3508 1031 3578 oportet
1041 3508 1071 3562 et

851 3585 908 3648 17*
