2528 3906
203 209 266 275 1³0
396 210 427 270 L.
446 209 593 272 ANNAEI
613 209 790 272 SENECAE
812 213 914 272 alut.
938 214 988 272 vl.

201 383 284 443 quos
303 379 450 440 noveras,
472 365 528 424 sed
547 371 631 424 tento
648 363 851 424 excelsiorum
866 371 896 424 et
910 366 939 425 iu
963 381 1083 426 summo
1098 367 1186 426 loca-

199 458 312 512 torum.
344 450 494 510 erubesce
515 446 678 523 quicquam
698 448 811 508 humile
831 455 883 508 aut
901 449 1027 523 volgare
1044 449 1183 524 [facere]

200 542 233 596 et
253 539 385 594 mutatos
412 531 441 592 iu
461 532 569 592 melius
594 539 665 592 tuos
688 530 773 603 llere.
806 532 839 590 ln
860 539 984 592 aeterna
1002 548 1105 608 rernm
1127 549 1186 608 per

200 617 299 678 libera
319 623 350 676 et
372 622 458 677 vasta
478 614 578 690 spatia
599 613 744 676 dimissos
762 631 823 676 nou
840 616 911 676 illos
924 613 1072 678 interllrsa
1086 617 1186 676 maria

199 699 379 762 discludunt
402 713 459 758 nec
487 699 612 758 altitudo
638 697 783 759 montium
810 697 986 760 satiaviae
1011 701 1108 761 valles
1129 709 1186 760 aut

199 782 383 844 incertarum
402 783 483 842 vada
503 781 651 860 Syrtiumr
673 781 808 843 tramites
830 781 964 844 omnium
988 783 1069 858 plani
1091 792 1186 844 etex

202 868 282 928 lucili
300 866 427 927 mobiles
448 871 479 925 et
493 865 626 940 expediti
641 873 672 927 et
685 866 814 928 invicem
830 865 927 941 pervii
942 873 1014 926 sunt
1027 865 1186 926 intermix-
1249 869 1250 876 ’

202 951 288 1025 tique
302 949 468 1010 sideribus.

175 1039 190 1090 t
265 1033 372 1094 XXVI.
392 1031 468 1092 Puto
483 1031 586 1108 itaque
602 1047 641 1092 ex
662 1032 713 1092 ilia
723 1047 796 1092 arce
812 1035 938 1094 coelesti
953 1041 1069 1109 patrem
1084 1042 1185 1106 tuum,
1249 1073 1250 1124 ,

201 1117 330 1184 Marcia,
354 1121 407 1189 [et]
429 1117 479 1176 cui
499 1124 614 1176 tantum
635 1117 719 1190 apud
734 1123 764 1176 te
779 1117 967 1178 auctoritatis
983 1126 1061 1190 erat,
1084 1135 1185 1191 quan·
1249 1125 1250 1200 l

201 1207 263 1260 tum
283 1200 335 1260 tibi
355 1200 438 1275 apud
458 1201 551 1260 lilium
571 1207 671 1270 tuum,
692 1215 754 1260 uon
771 1201 822 1260 illo
843 1201 981 1275 ingenio,
999 1218 1061 1275 quo
1080 1200 1187 1260 civilia
1249 1207 1250 1274 j

201 1284 283 1344 bella
297 1282 437 1357 deflevit,
465 1300 526 1360 quo
547 1282 768 1358 proscribentis
788 1283 818 1342 in
841 1291 997 1344 aeternum
1018 1283 1088 1360 ipse
1107 1301 1185 1360 pro·
1249 1301 1250 1306 ¹

201 1366 340 1442 scripsit,
367 1367 527 1442 sed-tanto
549 1366 688 1440 elatiore,
715 1373 829 1442 quanto
854 1375 902 1428 est
925 1367 993 1443 ipse
1011 1367 1184 1441 sublimior,

167 1450 320 1510 adicere:
349 1451 429 1524 „Cur
444 1457 488 1524 te,
503 1452 580 1524 lilia,
594 1458 655 1510 tam
670 1453 763 1526 longa
776 1457 858 1511 tenet
870 1450 1052 1526 aegritudo?
1080 1467 1136 1511 cur
1149 1452 1184 1510 iu

201 1541 282 1593 tanta
298 1534 361 1593 neri
376 1535 565 1607 ignoratione
579 1535 727 1606 versaris,
750 1541 783 1594 ut
796 1534 900 1608 inique
915 1541 1016 1595 actum
1031 1550 1100 1594 cum
1117 1535 1184 1596 lilio

198 1624 252 1676 tuo
273 1616 404 1689 iudices,
426 1618 511 1692 quod
532 1618 648 1692 integro
670 1619 779 1678 domus
801 1623 898 1689 statu,
921 1617 1038 1693 integer
1059 1617 1186 1694 ipsese

199 1699 241 1758 ad
254 1699 386 1759 maiores
401 1700 518 1776 recepit
532 1707 630 1762 suast
650 1702 753 1762 nescis
773 1701 894 1776 quantis
917 1702 1039 1764 lortuna
1060 1704 1184 1777 procel-

198 1782 237 1843 lis
259 1780 409 1844 disturbet
430 1784 554 1844 omnia?
586 1801 677 1860 quam
699 1785 788 1845 nullis
809 1784 970 1859 benignam
993 1785 1184 1861 lacilemqne

200 1881 236 1926 se
251 1864 449 1941 praestiterit,
471 1869 530 1929 nisi
552 1869 603 1944 qui
620 1868 774 1928 minimum
790 1883 859 1928 cum
875 1869 926 1928 illa
942 1875 1185 1930 contraxerant?

197 1965 329 2025 regesne
352 1951 406 2011 tibi
428 1953 580 2013 nominem
601 1951 797 2012 felicissimos
820 1953 953 2024 tuturos,
980 1951 1007 2013 si
1029 1952 1181 2014 maturius

197 2033 267 2093 illos
292 2049 374 2094 mors
396 2035 579 2096 instantibus
600 2036 805 2096 subtraxisset
824 2036 933 2096 malis‘l
959 2052 997 2096 an
1018 2037 1181 2098 Romanos

198 2115 311 2190 duces,
332 2133 460 2191 quorum
475 2117 762 2200 nihil-magnitudini
777 2120 889 2193 decrit,
912 2120 938 2179 si
953 2119 1070 2196 aliquid
1087 2119 1183 2181 aetati

198 2198 390 2260 detraxeris?
401 2216 438 2260 aa
453 2201 660 2263 nobilissimos
675 2205 757 2264 viros
770 2203 1021 2278 clarissimosque
1032 2203 1071 2262 ad
1084 2203 1180 2264 ictum

165 2281 334 2342 amitituris
349 2283 442 2357 gladii
457 2287 619 2361 conposita
639 2287 759 2347 ceruice
775 2288 945 2348 lormatosl
971 2287 1106 2362 Respice
1123 2303 1179 2362 pa·

197 2371 272 2424 trem
293 2372 385 2441 atque
404 2384 493 2429 avum
515 2377 614 2430 tuum=
645 2371 695 2430 ille
715 2371 746 2430 in
768 2368 859 2430 alieni
880 2371 1074 2446 percussoris
1095 2371 1180 2430 venit
1250 2371 1251 2448 l

196 2448 359 2510 arbitrium.
388 2466 445 2527 ego
466 2451 539 2512 nihil
558 2451 588 2512 in
610 2469 659 2513 me
675 2455 818 2530 cuiqnam
833 2455 957 2530 permisi
972 2461 1003 2514 et
1016 2451 1085 2515 cibo
1105 2453 1178 2529 pro·
1250 2461 1251 2530 t

193 2531 306 2594 bibitus
328 2533 449 2595 ostendi
470 2543 530 2597 tam
545 2553 655 2612 magno
674 2553 723 2596 me
738 2552 830 2613 quam
845 2538 969 2598 videbar
983 2537 1178 2598 animo'scri·
1250 2549 1251 2584 l

197 2616 310 2690 psisse.
344 2618 403 2678 Cur
424 2620 454 2678 iu
477 2621 570 2680 domo
592 2628 698 2681 nostra
718 2620 888 2681 diutissime
905 2621 1026 2696 lugetur
1041 2622 1093 2697 qui
1109 2622 1175 2680 leli·

193 2700 319 2760 cissime
341 2701 488 2764 moritur?
521 2703 639 2764 coimus
665 2718 771 2764 omnes
797 2704 827 2763 in
854 2721 946 2764 unum
971 2705 1179 2780 videmusque

193 2798 256 2842 non
272 2785 332 2844 alta
344 2793 433 2846 nocte
449 2785 636 2860 circumdati,
651 2787 691 2846 nii
707 2788 791 2862 apud
806 2804 877 2861 vos,
893 2795 927 2850 ut
943 2788 1071 2864 putatis,
1087 2795 1177 2863 opta-

194 2864 269 2938 bile,
294 2867 334 2926 nil
349 2871 522 2944 excelsum,
547 2870 589 2928 nil
606 2871 816 2946 splendidum,
841 2873 898 2931 sed
922 2871 1045 2932 humilia
1065 2879 1179 2931 cuncta

195 2954 226 3007 et
240 2949 345 3023 gravia
366 2959 396 3011 et
416 2951 507 3012 auxia
529 2959 559 3013 et
582 2961 705 3029 quotam
726 2963 841 3029 partem
858 2956 980 3015 luminis
995 2955 1092 3016 nostri
1107 2969 1176 3014 cer-

162 3033 316 3091 ‹lnentiat
347 3033 425 3108 Quid
446 3033 545 3096 dicam
568 3039 649 3100 nulla
669 3036 719 3096 hio
741 3053 825 3098 arma
846 3039 957 3099 mutuis
980 3040 1082 3098 iurere
1102 3053 1177 3098 con-

193 3115 334 3176 cursibus
355 3133 412 3178 nec
433 3119 550 3180 classes
571 3121 723 3181 classibus
746 3121 843 3196 lrangi
860 3137 918 3181 neo
940 3120 1103 3196 parricidia
1122 3126 1178 3180 aut

194 3197 267 3272 ungi
282 3205 334 3260 aut
347 3200 473 3276 cogitari
486 3217 543 3263 nec
558 3203 622 3264 lora
643 3203 744 3265 litibus
759 3211 897 3280 strepere
912 3204 979 3264 dies
997 3211 1182 3280 perpetuos,

193 3280 267 3340 nihil
282 3283 312 3342 ln
327 3283 477 3368 obscuro,
496 3286 632 3347 detectas
647 3295 764 3348 mentes
780 3294 810 3348 et
824 3295 929 3363 aperta
946 3287 1130 3363 praecordia
1145 3293 1176 3346 el

193 3364 224 3422 in
247 3365 370 3438 publico
396 3367 561 3442 medioque
587 3369 678 3429 vitam
702 3378 732 3430 et
752 3372 852 3432 omnis
877 3372 946 3430 aevi
972 3376 1176 3446 prospectum

163 3447 463 3524 evenientiumquet
484 3450 610 3514 iuvabat
622 3451 713 3512 unius
728 3453 777 3512 me
793 3454 889 3514 seculi
905 3455 984 3514 lacta
996 3455 1179 3529 conponere
