2528 3906
164 209 219 268 Al)
242 209 428 270 MARCIAM
450 209 500 270 DE
519 207 820 270 CONSOLATIONE.
845 217 967 274 25-27.
998 205 1062 274 139
1170 270 1172 274 .

78 361 109 423 in
137 371 224 437 parte
249 361 354 422 ultima
378 361 482 421 mundi
508 368 538 420 et
561 361 640 421 inter
665 361 869 436 paucissimos
888 369 990 437 geste:
1016 370 1061 424 bot

79 447 195 518 secula,
212 452 256 506 tot
269 447 402 506 aetatum
418 451 601 516 contextum,
616 443 898 520 seriern,»quioquid
910 463 1060 506 annorum

77 535 136 602 est,
152 529 225 588 iicet
236 529 348 588 visere.
372 528 443 588 licet
457 533 648 601 surrecturo,
665 527 736 588 lieet
750 528 867 588 ruitura
880 541 1060 604 regne'pro-

80 612 203 688 spicere
222 618 253 670 et
272 627 449 686 magnarum
465 610 584 692 urbium
599 613 707 686 lapsus
730 619 761 672 et
772 611 865 671 meris
879 628 978 672 novos
992 627 1060 672 eur-

80 711 146 756 sus.
168 695 244 754 Num
258 693 285 754 si
300 695 353 756 tibi
364 699 467 769 p'otest
479 693 589 754 solatio
602 709 674 754 esse
686 694 831 754 desiderii
844 696 885 755 tui
899 703 1095 760 eommuneb
1127 755 1134 765 ,

80 779 190 848 iatum,
211 777 285 838 nihii
301 795 363 852 quo
379 783 439 838 stet
459 779 528 837 loeo
544 776 649 850 stabim
671 779 773 837 omnia
787 779 1061 838 sternetebdueet-

82 877 142 937 que
158 865 288 934 [seeum]
304 867 452 922 vetustos.
475 875 533 920 neo
549 859 722 920 hominibus
737 863 846 933 sotum,
860 869 971 937 (quote
981 862 1061 922 onim

77 946 140 1006 iste
155 946 296 1006 fortuitae
310 944 464 1019 potentiae
483 943 581 1017 portio
597 948 683 1015 esti)
702 945 759 1004 sed
776 945 869 1018 ineis,
886 945 943 1004 sed
959 944 1060 1020 regio-

80 1029 188 1101 nibus,
210 1029 269 1088 sed
288 1021 393 1088 mundi
414 1027 551 1102 pertibus
573 1027 667 1086 iudet.
697 1035 741 1088 tot
755 1029 927 1103 supprimet
941 1036 1060 1088 montes

79 1119 110 1172 et
132 1111 205 1170 alibi
222 1127 318 1186 rupes
340 1111 370 1170 in
394 1112 486 1170 situm
506 1125 605 1170 novus
622 1111 780 1185 exprimet.
805 1114 901 1172 moris
915 1111 1061 1185 sorbebit,

79 1194 208 1254 flumina
230 1199 347 1254 evertet
369 1201 399 1254 et
419 1193 603 1254 commercio
624 1194 758 1268 gentium
778 1204 868 1269 rupto
884 1195 1061 1256 societatem

80 1277 204 1353 generis
219 1277 343 1338 humani
358 1285 542 1351 coetumque
554 1277 712 1337 dissolvet.
734 1278 805 1338 alibi
819 1279 951 1338 hiatibus
963 1276 1060 1336 vastis

81 1362 235 1423 subducet
248 1359 350 1434 urbes,
366 1360 548 1421 tremoribus
564 1359 679 1434 quatiet
694 1367 722 1419 et
739 1361 897 1422 exinfimo
916 1359 1060 1436 pestilen-

21 1461 26 1468 ·
80 1453 127 1506 tes
150 1445 263 1505 halitus
282 1445 378 1504 mittet
405 1450 435 1504 et
461 1441 711 1504 inundationibus
737 1443 884 1520 quioquid
909 1445 1060 1504 habitatur

18 1575 19 1578 ι
80 1529 217 1588 obduret
236 1529 419 1602 necabitque
441 1541 531 1586 omne
546 1527 658 1586 animai
673 1528 748 1587 orbe
762 1529 923 1588 submerso
939 1537 970 1588 et
986 1525 1060 1602 igni-

80 1613 138 1672 bus
154 1613 251 1672 vostis
273 1611 399 1672 torrebit
413 1609 619 1684 incendetque
633 1612 780 1671 morietis.
808 1618 838 1670 et
854 1627 923 1670 oum
939 1619 1060 1684 tempus

80 1695 254 1769 advenerit,
272 1713 338 1770 ‘quo
354 1711 390 1755 se
407 1693 540 1754 mundus
556 1701 758 1754 renovaturus
776 1695 966 1768 exstinguet,
988 1694 1056 1770 viri·

80 1779 139 1838 bus
162 1779 221 1838 ista
244 1795 279 1839 se
299 1778 373 1839 suis.
387 1779 517 1838 caedent
538 1783 568 1836 et
581 1775 683 1836 sidera
697 1778 851 1838 sideribus
863 1777 1017 1838 incurrent
1030 1783 1061 1836 et

81 1863 164 1922 omni
177 1863 327 1937 flagrante
341 1860 468 1928 meteriu
482 1875 543 1920 uno
556 1860 627 1934 igne
642 1861 788 1936 quiequid
803 1877 884 1920 nune
898 1877 938 1918 ex
953 1861 1058 1934 dispo·

80 1946 138 2006 sito
156 1946 246 2020 tueet,
262 1945 390 2006 ardebit.
413 1943 476 2003 Nos
496 1959 619 2018 quoque
634 1943 739 2004 felices
754 1944 873 2003 animae
890 1949 920 2003 et
935 1949 1059 2002 aeterno
1073 1936 1092 1994 7

81 2031 221 2102 sortitae,
246 2045 316 2090 eum
335 2029 394 2088 deo
417 2027 517 2086 visum
538 2027 595 2086 erit
614 2027 721 2086 iterum
743 2027 803 2087 isto
819 2027 931 2100 moliri,
954 2025 1059 2086 laben·

79 2113 160 2172 tibus
181 2114 301 2173 eunetis
321 2119 352 2172 et
370 2111 458 2188 ipsse
479 2126 576 2185 parve
595 2110 701 2170 ruinae
721 2111 851 2185 ingentis
872 2111 1012 2170 decessio
1027 2111 1059 2169 in

79 2197 207 2272 antiquo
229 2199 378 2257 elementa
395 2199 578 2254 vertemus
604 2194 735 2254 Felicem
751 2195 846 2256 filium
860 2202 958 2268 tuum,
979 2193 1060 2252 bier·

80 2281 136 2356 oie,
153 2281 206 2356 qui
220 2281 281 2342 isto
295 2281 355 2341 iam
365 2279 470 2340 novit!

459 2471 670 2482 ..au—..—

366 2631 401 2712 li.
428 2629 568 2712 iiim
600 2627 771 2712 simoin

232 2763 606 2866 liiALOGbRUM
636 2765 806 2860 tinnit
833 2764 912 2858 Vll.

386 2917 442 2968 AD
480 2915 755 2970 GALLIONEM

310 3111 312 3116 ,
428 3036 471 3102 ιι
490 3035 571 3101 vnn
588 3033 710 3102 ιιιιι.
857 3000 860 3007 ’

502 3175 655 3186 ----ι

121 3283 145 3343 i.
167 3283 295 3357 Vivere,
318 3283 413 3344 Gallio
435 3285 543 3354 irater,
567 3297 675 3342 omnes
695 3272 783 3341 beate
804 3281 919 3352 volunt
939 3279 997 3338 sed
1017 3279 1089 3340 adl

80 3365 319 3442 pervidendum,
341 3367 416 3442 quid
438 3365 478 3427 sit
502 3367 586 3442 quod
608 3365 726 3424 beatam
740 3365 833 3426 vitem
848 3361 969 3434 efficiat,
986 3363 1057 3420 eali·

80 3457 161 3524 gant.
191 3451 333 3527 adeoque
347 3465 408 3511 non
430 3457 478 3511 est
498 3451 587 3511 facite
603 3449 752 3524 consequi
764 3448 885 3508 beatem
899 3447 1004 3516 vitem,
1025 3450 1060 3502 ut
