2554 3888
262 263 313 323 DE
327 254 662 336 TRANQUILLITATE
676 265 800 324 ANIMI.
822 274 848 325 2.
862 273 888 327 3.
1002 264 1063 328 177

82 417 216 492 luptatis,
232 431 289 476 nee
304 421 429 476 nostrae
442 429 500 474 noc
514 413 605 474 ullius
620 413 666 474 rei
687 415 810 476 diutius.
836 417 895 477 hoc
911 419 1063 492 quosdam

81 501 145 576 egit
159 501 198 561 ad
213 506 348 571 mortem,
366 499 450 574 quod
464 498 624 574 proposita
639 514 734 574 saepe
748 501 892 574 mutando
908 500 938 560 in
954 503 1063 563 eadem

79 584 319 644 revolvebantur
343 589 374 642 et
393 598 454 642 non
479 583 664 658 reliquerant
687 581 812 644 novitati
834 585 944 644 locum.
979 587 1061 645 lasti-

11 675 12 688 *
81 668 135 728 dio
151 683 224 728 esse
242 667 302 727 illis
324 667 426 741 coepit
445 666 507 726 vite
527 665 643 741 etipse
663 667 811 742 mundus,
833 675 863 726 et
884 669 965 730 subit
988 669 1063 730 illud

80 751 258 811 rabidarum
274 747 467 811 deliciarum:
492 765 698 824 quousque
719 751 873 810 eadem?

148 835 200 894 lll.
219 835 419 894 Adversus
439 832 510 893 hoo
533 833 699 894 taedium
721 851 796 908 quo
816 835 970 896 auxilio
992 849 1091 910 pu-1

81 927 156 979 tem
176 919 358 978 utendum
381 917 550 992 quaeris.
579 916 752 990 „Optimum
767 925 845 993 eret,
868 925 900 978 ut
915 917 1063 979 aitAthe-

81 1002 238 1074 nodorus,
261 1001 380 1061 actione
394 1016 496 1060 rerum
512 1007 543 1060 et
556 1001 743 1075 reipublicae
759 1001 937 1062 tractatione
952 1009 983 1062 at
1017 1003 1063 1062 lti-

81 1087 141 1146 ciis
167 1085 307 1146 civilibus
333 1099 368 1144 se
394 1083 539 1144 detinere.
578 1099 648 1143 nam
672 1092 706 1143 ut
731 1085 853 1160 quidam
881 1087 948 1146 sole
972 1092 1064 1160 atque

80 1169 302 1229 exercitatione
327 1175 358 1228 et
379 1183 454 1228 cura
475 1168 615 1243 eorporis
644 1167 725 1227 diem
746 1169 861 1230 ducunt
881 1169 1065 1246 atbletisque

80 1253 177 1327 longe
197 1252 390 1312 utilissimum
416 1259 465 1312 est
494 1253 625 1312 lacertos
651 1267 726 1312 suos
752 1245 926 1328 roburque,
956 1253 1005 1313 cui
1030 1269 1064 1314 se

80 1337 137 1396 uni
151 1336 344 1409 dicaverunt,
366 1335 481 1394 maiore
502 1336 649 1410 temporis
664 1341 750 1410 parte
765 1338 894 1396 nutrire:
916 1337 958 1397 ita
974 1338 1063 1398 vobis

81 1418 218 1480 animum
232 1419 271 1480 ad
286 1435 388 1480 rerum
410 1419 539 1478 civilium
562 1426 713 1479 certarnen
729 1419 907 1494 parantibus
922 1421 952 1479 in
969 1433 1064 1494 opere

82 1519 156 1564 esse
171 1504 257 1578 [non]
279 1505 370 1576 longe
390 1502 626 1578 pulcherrimum
644 1510 701 1563 est.
729 1519 799 1562 nam
822 1519 891 1564 curn
912 1503 1014 1564 utilem
1029 1519 1064 1563 se

82 1587 209 1647 erficere
231 1585 349 1647 civibus
370 1584 608 1662 mortalibusque
623 1587 813 1663 propositum
827 1587 953 1662 habeat,
975 1586 1064 1648 simul

82 1679 113 1730 et
128 1679 290 1732 exercetur
310 1677 340 1730 et
359 1670 493 1745 proiicit,
517 1671 618 1744 quiin
640 1671 749 1732 mediis
771 1687 807 1732 se
830 1671 941 1732 olliciis
963 1672 1066 1747 posuit

83 1755 259 1816 eommunia
284 1755 465 1830 privatoque
492 1770 548 1828 pro
570 1755 711 1816 facultate
740 1754 966 1816 administrans.
1003 1754 1094 1820 Sedt

84 1837 158 1913 quia
172 1837 204 1898 in
219 1837 292 1912 hac,
315 1839 428 1915 inquit,
449 1846 509 1898 tam
532 1836 642 1898 insana
660 1837 816 1906 hominurn
836 1839 1000 1898 ambitione
1023 1844 1066 1898 tot
1117 1835 1123 1840 “

83 1922 353 1982 calumniatoribus
382 1921 412 1981 in
438 1921 573 1982 deterius
604 1928 688 1981 recta
718 1923 932 1998 torquentibus
958 1937 1065 1996 porum

82 2012 146 2066 tuta
167 2006 345 2079 simplicitas
366 2012 415 2064 est
439 2011 469 2064 et
493 2007 563 2079 plus
588 2005 719 2065 futurum
746 2000 868 2082 semper
892 2013 954 2080 cst,
980 2005 1065 2080 quod

83 2090 188 2149 obstet
211 2105 302 2164 quam
325 2088 409 2164 quod
427 2088 589 2161 succedat,
617 2089 723 2150 aloro
744 2090 867 2164 quidem
890 2097 920 2149 et
940 2087 1063 2164 publico

82 2173 292 2233 recedendum
312 2179 374 2243 est,
397 2171 453 2232 sed
468 2171 574 2246 habet,
594 2171 647 2232 ubi
662 2187 697 2232 se
712 2173 802 2233 etiam
817 2175 847 2232 in
863 2173 981 2249 privato
996 2175 1064 2234 laxe

83 2255 219 2332 explicet
238 2272 366 2332 magnus
387 2256 516 2316 animus.
553 2271 610 2314 nee
629 2263 662 2315 ut
685 2257 808 2317 leonum
830 2255 1065 2332 animaliumque

83 2339 208 2414 inpetus
226 2341 328 2400 caveis
340 2345 508 2412 coercetur,
524 2339 569 2398 sic
586 2338 751 2414 hominum,
767 2357 897 2416 quorum
915 2341 1065 2400 maximae

82 2423 113 2482 in
130 2423 260 2484 seducto
276 2421 413 2484 actiones
430 2427 509 2484 sunt.
533 2423 578 2483 lta
591 2429 693 2482 tamen
708 2423 867 2498 delituerit,
882 2429 916 2483 ut
929 2423 1093 2486 obicum-a

84 2523 147 2581 que
172 2507 267 2566 odam
291 2523 380 2567 suum
406 2505 619 2580 absconderit,
650 2507 802 2580 prodesse
832 2506 905 2566 velit
936 2505 1064 2579 singulis

82 2589 302 2664 universisque
312 2589 451 2666 ingenio,
471 2605 564 2660 uoce,
588 2589 726 2650 consilio.
756 2606 814 2648 nee
834 2589 914 2650 enim
935 2589 963 2648 is
978 2590 1064 2648 solus

82 2672 272 2750 reipublicae
288 2675 424 2748 prodest,
440 2665 492 2748 qui
508 2673 687 2734 candidatos
699 2673 830 2733 extrahit
842 2680 872 2732 et
882 2679 983 2733 tuetur
993 2687 1064 2732 reos

83 2765 113 2818 et
127 2759 168 2818 de
183 2772 262 2832 paee
276 2757 420 2833 belloque
434 2763 555 2832 censet,
577 2757 633 2828 sed
650 2758 702 2831 qui
720 2757 905 2818 iuventutem
923 2757 1064 2816 exhorta·

83 2849 145 2914 tur‚
169 2841 222 2916 qui
237 2840 267 2900 in
282 2848 365 2902 tanta
379 2841 530 2901 bonorum
549 2847 784 2916 praeceptorum
802 2841 906 2915 inopia
924 2841 1065 2900 virtutem

81 2923 212 2986 instillat
241 2923 365 2998 animis,
399 2925 451 2999 qui
482 2924 522 2985 ad
547 2925 709 2999 pecuniam
733 2924 945 2998 luxuriamque
973 2939 1066 2983 eursu

82 3009 202 3068 ruentis
217 3015 344 3084 prensat
363 3025 399 3069 ac
413 3007 539 3068 retrahit
553 3015 597 3082 et,
619 3008 645 3068 si
661 3007 733 3068 nihil
748 3008 847 3081 aliud,
870 3012 952 3066 certe
966 3023 1064 3067 mora-

82 3100 141 3164 tur,
154 3093 185 3152 in
203 3093 322 3167 privato
338 3092 493 3168 publicum
507 3092 662 3166 negotium
677 3093 748 3166 agit.
766 3094 814 3152 An
830 3090 880 3150 ille
895 3091 965 3165 plus
977 3097 1096 3165 prae-l

85 3182 159 3250 stat,
184 3176 236 3251 qui
256 3176 334 3236 inter
354 3177 533 3252 peregrinos
554 3181 584 3234 et
606 3175 690 3236 cives
714 3183 766 3236 aut
785 3174 921 3234 urbanus
942 3181 1066 3249 praetor

84 3259 269 3320 adeuntibus
285 3258 463 3321 adsessoris
475 3258 572 3320 verba
592 3259 781 3334 pronuntiat,
806 3273 897 3333 quarn
921 3258 971 3340 qui
991 3257 1066 3332 quid

85 3341 126 3402 sit
145 3343 278 3415 iustitia,
300 3341 376 3418 quid
399 3343 514 3418 pictas,
538 3342 610 3417 quid
634 3342 792 3416 patientia,
814 3341 888 3417 quid
911 3341 1065 3412 tortitudo,
1103 3396 1106 3399 ,

88 3424 163 3500 quid
178 3424 286 3486 mortis
303 3433 511 3501 contemptus
531 3425 604 3500 quid
620 3425 747 3485 deorum
763 3425 948 3498 intellectus,
970 3438 1067 3499 quan-

87 3518 210 3584 tumque
224 3511 403 3572 adiutorium
418 3511 573 3572 bominum
588 3509 627 3569 sit
641 3509 723 3569 bona
745 3509 952 3570 conscientia?
985 3507 1094 3578 Ergot

133 3613 238 3651 sarraca
252 3613 322 3652 rurs.
337 3597 357 3651 l.
869 3599 902 3652 12
