2554 3888
250 262 298 322 DE
312 260 647 334 TRANQUILLITATE
661 261 783 319 ANIMI.
804 269 890 322 3-5.
994 259 1054 324 179

78 425 142 476 est:
158 415 189 474 iu
204 414 361 487 domibus,
377 415 407 472 in
424 415 625 488 spectaculis,
641 413 672 473 iu
688 415 837 475 conviviis
852 415 967 476 bonum
982 434 1054 478 con-

78 500 283 571 tubernalem,
315 498 438 558 fidelem
464 495 610 571 amicum,
643 504 860 572 temperantem
893 503 1055 561 convivam

77 591 159 658 agat.
183 581 284 642 officia
297 581 373 640 civis
385 581 534 640 amiserit:
550 581 680 640 hominis
694 591 845 642 exerceat.
861 584 931 644 ideo
944 601 1053 660 magno
1068 593 1086 646 4

6 691 8 702 =
77 667 180 726 animo
202 681 260 724 nos
280 679 342 724 non
364 665 455 725 unius
476 665 561 724 urbis
581 666 744 726 moenibus
766 667 928 742 clusimuS,
951 671 1052 728 sedin

76 751 171 811 totius
204 749 286 809 orbis
312 748 528 808 commercium
560 749 716 809 emisimus
745 752 935 824 patriamque
963 753 1053 812 nobis

6 885 7 892 ,
77 834 225 894 mundum
246 833 381 907 professi
396 849 518 905 sumus,
540 839 573 892 ut
586 833 691 894 liceret
705 835 842 894 latiorem
857 835 957 896 virtuti
973 853 1053 895 cam-

77 933 153 993 pum
176 918 258 976 dare.
288 918 482 990 praeclusum
503 916 556 975 tibi
577 915 708 977 tribunal
734 921 782 977 est
802 925 831 977 et
850 921 959 998 rostris
984 937 1052 994 pro-

76 1001 194 1086 hiber'm
211 1007 262 1058 aut
277 1001 420 1060 comitiis:
446 1001 567 1074 respice
588 1007 660 1074 post
682 1009 711 1060 te
733 1001 877 1076 quantum
893 1004 1054 1062 latissima-

75 1101 145 1144 rum
170 1084 328 1158 regionum
357 1091 472 1158 pateat,
500 1091 642 1158 quantum
669 1087 861 1159 populorum.
892 1103 1055 1160 numquam

79 1171 123 1227 ita
130 1167 191 1228 'tibi
205 1183 316 1242 magna
330 1183 402 1242 pars
419 1168 608 1245 obstruetur,
623 1175 656 1226 ut
671 1185 731 1229 nou
746 1169 843 1228 maior
857 1171 1054 1243 relinquatur.

78 1251 142 1310 Sed
156 1252 243 1323 vide,
266 1267 305 1310 ne
326 1257 420 1311 totum
435 1250 517 1310 istud
534 1258 617 1311 tuum
634 1253 737 1312 vitium
755 1254 802 1312 sit.
834 1271 894 1313 non
911 1255 959 1313 vis
974 1256 1053 1312 enim
1069 1269 1085 1318 5

77 1336 138 1394 nisi
155 1336 265 1395 consul
280 1343 331 1394 aut
346 1335 486 1410 prytanis
497 1342 549 1413 aut
564 1350 660 1412 ceryx
675 1344 727 1395 aut
741 1337 827 1395 sules
842 1337 1055 1396 administrare

76 1419 307 1493 rempublicam.
337 1418 415 1492 Quid
436 1419 463 1478 si
483 1419 611 1478 militare
635 1419 714 1478 nolis
736 1420 793 1478 nisi
815 1421 981 1495 imperator
1003 1430 1055 1480 aut

76 1503 239 1562 tribunus?
265 1501 382 1562 etiamsi
403 1501 455 1562 alii
470 1503 597 1575 primam
612 1504 741 1562 frontem
756 1504 916 1576 tenebunt,
938 1512 968 1564 te
984 1520 1053 1564 sors

77 1589 158 1646 inter
171 1586 292 1646 triarios
305 1587 457 1660 posuerit,
472 1585 544 1644 inde
561 1602 650 1660 voce,
662 1583 889 1659 adhortatione,
902 1590 1053 1662 exemplo,

78 1671 180 1730 animo
202 1669 310 1729 milita:
336 1670 487 1744 praecisis
509 1685 633 1743 quoque
653 1670 792 1729 manibus
813 1671 862 1730 ille
883 1673 914 1730 in
935 1673 1053 1746 proelio

77 1754 209 1824 invenit,
232 1753 315 1827 quod
337 1754 474 1827 partibus
495 1754 645 1827 conserat,
668 1755 719 1828 qui
741 1761 801 1813 stat
820 1762 920 1813 tamen
943 1763 973 1814 et
992 1757 1052 1814 cla-

77 1853 164 1897 more
178 1839 270 1896 iuvat.
300 1838 372 1896 Tale
387 1837 532 1910 quiddam
547 1837 656 1896 facias:
679 1837 704 1896 si
720 1854 738 1895 a
755 1839 893 1910 primate
909 1839 1052 1912 reipubli-
1067 1849 1084 1901 6

78 1937 134 1980 cae
150 1927 238 1995 parte
253 1922 374 1980 fortuna
389 1919 590 1992 submoverit,
613 1927 676 1980 stes
700 1929 800 1980 tamen
817 1928 846 1979 et
861 1923 993 1980 clamore
1008 1922 1052 1980 iu—

77 2021 133 2063 ves
150 2011 194 2078 et,
217 2004 327 2078 siquis
344 2005 449 2064 lauces
466 2005 669 2078 oppresserit,
692 2012 755 2064 stes
768 2011 867 2063 tamen
887 2013 916 2064 et
931 2004 1052 2070 silentio

77 2089 176 2148 iuves.
205 2088 375 2164 Numquam
395 2087 509 2148 inutilis
533 2096 580 2148 est
600 2103 695 2163 opera
716 2089 792 2147 civis
815 2089 897 2148 boni.
931 2090 1052 2148 auditus

78 2179 127 2230 est
148 2172 313 2246 visusque:
345 2173 442 2244 voltu,
464 2179 554 2244 nutu,
577 2171 780 2232 obstinatione
801 2173 892 2232 tacita
913 2173 1051 2234 incessu-

78 2271 139 2330 que
161 2255 231 2330 ipso
253 2257 390 2330 prodest·
429 2255 469 2314 Ut
488 2255 647 2326 salutaria,
672 2273 751 2330 quae
772 2257 846 2314 citra
867 2267 987 2331 gustum
1009 2266 1083 2327 tat-7

79 2345 225 2413 utumque
247 2340 342 2399 odore
362 2338 542 2413 proficiunt,
565 2339 605 2398 ita
625 2340 721 2398 virtus
736 2339 891 2400 utilitatem
909 2343 997 2400 etiam
1014 2358 1052 2400 ex

76 2423 247 2497 longinquo
263 2431 292 2482 et
310 2425 407 2480 latens
424 2423 534 2496 lundit,
557 2423 623 2482 sive
638 2426 785 2498 spatiatur
800 2431 830 2482 et
844 2439 878 2482 se
891 2427 981 2485 utitur
994 2441 1050 2484 suo

76 2506 159 2579 iure,
177 2507 243 2565 sive
258 2505 415 2580 precarios
431 2505 522 2565 habet
536 2521 685 2566 excessus
703 2507 882 2580 cogiturque
898 2511 965 2566 vela
979 2524 1051 2566 con-

77 2589 214 2661 trahere,
235 2590 300 2648 sive
316 2588 416 2648 otiosa
429 2598 572 2663 mutaque
588 2596 634 2648 est
649 2598 679 2649 et
693 2597 822 2664 angusto
839 2591 1050 2667 circumsepta,

77 2673 145 2732 sive
159 2673 321 2746 adaperta=
342 2674 373 2731 in
395 2689 589 2748 quocumque
604 2673 707 2732 habitu
728 2679 788 2743 est,
811 2672 917 2747 prosit.
959 2675 1053 2748 quidt

78 2765 109 2815 tu
124 2772 234 2830 parum
250 2757 322 2816 utile
338 2764 426 2830 putas
441 2759 614 2830 exemplum
631 2757 707 2816 bene
723 2758 930 2831 quiescentis?
948 2757 1053 2832 Longe
1067 2767 1084 2820 8

77 2841 184 2912 itaque
201 2841 348 2913 optimum
369 2847 416 2898 est
429 2841 558 2899 miscere
573 2840 665 2900 otium
680 2840 788 2912 rebus
812 2843 953 2915 quotiens
969 2850 1050 2902 actu-

78 2939 136 2984 osa
157 2923 219 2982 vita
239 2922 452 2997 inpedimentis
473 2924 602 2984 fortuitis
632 2931 682 2983 aut
712 2925 841 2984 civitatis
871 2925 1052 2985 condicione

79 3005 298 3080 prohibebitur.
333 3023 497 3082 numquam
518 3009 597 3066 enim
618 3023 717 3082 usque
738 3025 774 3068 eo
796 3007 960 3068 interclusa
981 3019 1053 3069 sunt

79 3091 196 3160 omnia,
212 3097 246 3148 ut
260 3091 334 3148 nulli
348 3089 460 3150 actioni
474 3093 561 3150 locus
576 3091 724 3151 honestae
740 3094 787 3152 sit.

142 3175 182 3232 V.
204 3173 358 3248 Numquid
378 3181 468 3248 potes
483 3173 619 3232 invenire
638 3175 741 3235 urbem
756 3176 944 3236 miseriorem
961 3193 1051 3249 quam
1071 3189 1082 3237 l

78 3256 312 3316 Atheniensium
324 3257 392 3330 luit,
409 3273 477 3317 cum
490 3257 570 3316 illam
584 3257 705 3331 triginta
718 3259 839 3334 tyranni
854 3261 1052 3320 divellerentt

78 3341 160 3400 mille
175 3348 329 3402 trecentos
344 3343 440 3414 cives,
464 3342 608 3414 optimum
633 3357 785 3416 quemque
805 3343 980 3404 occiderant
994 3359 1051 3402 nec

77 3425 170 3484 finem
193 3424 264 3483 ideo
277 3425 454 3497 iaciebant,
478 3425 535 3484 sed
555 3424 696 3484 inritabat
717 3441 751 3484 se
772 3427 841 3499 ipsa
854 3429 991 3488 saevitia.
1020 3427 1049 3482 in

78 3525 141 3582 qua
157 3509 277 3568 civitate
293 3515 357 3566 erat
370 3511 469 3568 Areos
487 3523 599 3581 pagos
620 3507 882 3582 religiosissimum
897 3509 1048 3577 indicium,

627 3638 640 3668 ,
790 3593 845 3652 ra*
