2554 3888
198 223 260 286 208
398 221 430 278 L.
449 219 594 279 ANNAEI
618 217 792 278 SENECAE
814 218 915 278 nint.
928 218 964 277 X.

200 375 245 434 vis
267 373 305 432 ab
323 372 464 432 omnibus
478 368 678 440 recesserim,
701 367 833 442 sibiipsi
850 367 969 427 molesti
986 375 1071 428 sunt:
1094 384 1167 444 quo·

198 474 264 518 rum
279 472 339 516 non
357 455 456 514 otiosa
468 453 529 512 vita
540 451 672 510 dicenda
683 457 743 523 est,
760 451 817 510 sed
828 451 986 511 desidiosa
997 452 1169 526 occupatio.

199 542 281 600 lllnm
294 546 325 598 tu
337 537 467 598 otiosum
479 551 572 596 vocas
586 535 637 609 qul
653 497 866 607 Corinthia,
887 550 1055 630 paucorum
1068 536 1180 608 lurore

199 622 350 699 pretiosa,
372 620 463 680 anxia
480 617 642 679 subtilitate
657 619 820 678 concinnat
833 623 864 676 et
884 618 1031 678 maiorem
1050 603 1168 678 dierum

200 716 315 783 partem
333 705 362 782 in
380 701 572 778 aeruginosis
588 700 715 762 lamellis
731 701 904 782 consumit?
926 701 979 776 qui
1000 702 1036 760 in
1062 717 1170 762 cero·

200 797 297 850 mate
311 797 409 862 (nam,
439 802 494 860 pro
516 785 649 859 lacinus,
673 801 711 844 ne
725 783 871 846 Romanis
887 786 1009 860 quidem
1027 785 1107 846 vitiis
1130 787 1170 844 la-

200 875 357 942 boramus)
380 876 512 930 sectator
534 885 697 944 puerorum
719 867 881 928 rixantium
902 869 1010 929 sedet?
1033 869 1085 944 qui
1107 870 1171 928 vln-

200 964 316 1017 ctorum
331 971 456 1015 suorum
469 967 580 1027 greges
595 951 625 1011 in
641 953 783 1012 aetatium
797 959 827 1013 et
838 953 974 1013 colorum
986 951 1072 1026 paria
1083 953 1170 1013 didu-

170 1039 260 1104 scitt
282 1039 334 1114 qui
348 1037 477 1098 athletas
493 1035 679 1096 novissimos
695 1035 815 1112 pascit?
846 1035 945 1110 Quini
966 1037 1035 1098 illos
1051 1037 1171 1097 otiosos

199 1137 310 1196 vocas,
338 1121 450 1197 quibus
478 1136 497 1179 a
503 1120 578 1194 pud
604 1127 803 1180 tonsorem
825 1122 935 1180 multae
957 1119 1051 1180 horae
1073 1128 1170 1181 trans·

199 1209 368 1279 mittuntur,
391 1206 462 1264 dum
483 1203 669 1279 decerpitur,
693 1205 720 1264 si
742 1203 816 1279 quid
841 1203 978 1278 proxima
995 1210 1084 1264 nocte
1102 1221 1172 1264 suc-

200 1291 307 1364 crevit,
323 1291 394 1349 dnm
410 1289 448 1348 de
461 1287 587 1362 singulis
600 1285 718 1362 capillis
731 1288 761 1346 in
774 1287 934 1348 consilium
945 1285 1019 1360 itur,
1036 1288 1109 1348 dnm
1122 1299 1173 1349 aut

200 1374 328 1434 disiecta
343 1389 430 1432 coma
444 1371 610 1431 restituitur
624 1378 677 1431 aut
691 1369 837 1430 deficiens
852 1370 923 1431 hine
937 1377 1029 1446 atque
1044 1370 1127 1430 illine
1142 1371 1172 1431 in

200 1460 330 1518 frontem
341 1455 541 1530 conpellitur?
563 1454 718 1529 quomodo
731 1454 910 1525 irascuntur,
926 1455 953 1513 si
965 1461 1072 1515 tonsor
1080 1457 1172 1530 paulo

200 1541 407 1615 neglegentior
428 1537 495 1610 lnit,
526 1545 679 1612 tamquam
703 1539 798 1597 virum
823 1539 987 1598 tonderet?
1015 1539 1172 1613 quomodo

200 1624 442 1695 excandescunt,
463 1621 579 1696 siquid
600 1637 640 1680 ex
659 1621 731 1681 iuba
745 1637 802 1681 sua
817 1622 954 1683 decisum
972 1619 1044 1694 est,
1056 1622 1082 1682 si
1098 1623 1173 1697 quid

200 1713 286 1766 extra
306 1705 442 1765 ordinem
464 1703 571 1778 iacuit,
594 1704 654 1764 nisi
676 1704 778 1765 ornnia
793 1705 823 1764 in
839 1706 948 1765 anulos
962 1721 1036 1765 suos
1053 1705 1173 1766 recide·

199 1796 288 1850 ronti
309 1790 378 1863 quis
401 1794 448 1848 est
468 1788 595 1849 istorum
611 1790 663 1865 qui
678 1805 739 1848 non
755 1789 837 1848 malit
850 1788 1067 1864 rempublicam
1084 1805 1174 1850 suam

200 1873 313 1935 turbari
329 1888 420 1948 quarn
432 1879 573 1934 comam?
594 1873 646 1949 qui
660 1889 719 1934 non
732 1873 889 1933 sollicitior
898 1873 940 1933 sit
951 1873 990 1933 de
1002 1871 1110 1947 capitis
1124 1871 1174 1933 sui

201 1959 313 2018 decore
335 1974 426 2032 quam
448 1958 487 2016 de
508 1957 626 2018 salute?
657 1958 790 2032 quinon
819 1957 969 2032 comptior
993 1972 1064 2016 esse
1089 1959 1174 2016 malit

201 2058 293 2116 quum
303 2041 481 2101 honestiori
499 2040 556 2100 hos
570 2047 601 2100 tu
613 2039 731 2102 otiosos
745 2055 839 2101 vocas
851 2040 928 2103 inter
939 2040 1089 2116 pectinem
1101 2056 1173 2115 spe-

171 2125 363 2198 cculurnque
385 2129 575 2197 occupatosi
610 2123 689 2197 outo
709 2124 773 2184 illit
797 2128 872 2200 [qui]
895 2125 924 2183 in
947 2125 1173 2199 conponendis

200 2207 377 2279 audiendis,
400 2205 540 2266 dicendis
555 2208 721 2268 canticis
738 2209 855 2284 operati
867 2216 952 2278 sunt,
969 2209 1041 2268 dum
1055 2223 1172 2282 vocem,

202 2289 287 2350 cuius
299 2297 413 2365 rectum
425 2304 546 2350 cursum
558 2299 664 2351 natura
676 2299 706 2352 et
717 2293 863 2367 optimum
874 2300 904 2352 et
914 2292 1174 2367 simplicissimum

201 2373 285 2445 lecit,
301 2372 416 2432 inflexu
428 2373 661 2436 modulationis
654 2376 856 2436 inertissimae
869 2383 1025 2450 torquent
1041 2391 1173 2452 quorum

201 2455 285 2532 digiti
308 2457 433 2532 aliquod
456 2457 532 2518 intra
553 2475 588 2518 se
603 2475 724 2518 carmen
741 2459 897 2520 metientes
913 2475 1035 2534 semper
1051 2467 1172 2532 sonant,

202 2557 346 2616 quorum,
369 2555 436 2600 curn
457 2542 497 2601 ad
515 2559 565 2602 res
580 2543 692 2616 serias,
716 2544 806 2603 etiam
821 2559 915 2618 saepe
930 2543 1032 2604 tristes
1046 2542 1173 2604 adhibiti

201 2633 286 2698 sunt,
309 2623 471 2685 exauditur
486 2627 576 2687 tacita
595 2627 777 2687 modulatio·
801 2627 1052 2690 nonhabentistl
1068 2628 1171 2700 otium,
1255 2659 1256 2662 =

171 2709 282 2770 osed
275 2724 356 2769 iners
373 2709 536 2783 negotium.
573 2711 761 2770 Convivia
780 2711 971 2772 mehercules
988 2711 1095 2772 horum
1111 2727 1172 2770 non

181 2792 356 2867 posuerim
381 2793 458 2852 inter
478 2794 617 2854 vacantia
640 2800 791 2870 tempora,
825 2811 893 2854 cum
913 2795 1050 2868 videam,
1080 2811 1170 2868 quarn

201 2874 322 2937 solliciti
342 2885 498 2950 argentum
521 2877 670 2938 ordinent.
700 2893 790 2952 quarn
811 2878 969 2954 diligenter
983 2879 1171 2939 exoletorum

202 2975 325 3021 snorum
338 2960 455 3020 tunicas
468 2961 656 3036 succingant.
680 2977 769 3036 quant
780 2963 925 3037 suspensi
934 2963 1002 3035 sint,
1015 2963 1169 3037 quomodo

201 3059 275 3117 aper
296 3061 315 3102 a
336 3060 411 3105 coco
433 3051 537 3116 exeat,
560 3061 620 3120 qua
641 3045 794 3106 celeritate
815 3045 904 3120 signo
928 3046 999 3106 dato
1021 3045 1118 3120 glabri
1133 3044 1170 3106 ad

201 3125 366 3186 ministeria
391 3128 723 3204 discurrant‚.quanta
747 3137 810 3190 arte
834 3130 1011 3190 scindantur
1038 3145 1113 3190 aves
1141 3130 1170 3187 in

202 3208 298 3268 irusta
312 3225 373 3268 non
388 3212 538 3284 enormia,
556 3227 646 3286 qnam
660 3213 781 3272 curiose
792 3212 930 3274 infelices
943 3212 1061 3287 pueruli
1072 3213 1171 3273 ebrio-

201 3293 570 3367 rumsputadctergeant=
593 3311 632 3354 ex
643 3296 692 3356 his
704 3298 873 3370 elegantiae
884 3295 1081 3372 lautitiaeque
1092 3299 1170 3356 lania

202 3380 339 3447 captatur
360 3380 390 3432 et
410 3391 508 3450 usqne
531 3393 567 3436 eo
588 3377 618 3439 in
642 3395 748 3438 omnes
767 3379 845 3440 ritae
860 3395 1006 3446 secessus
1022 3382 1101 3440 mala
1116 3395 1170 3440 sua

201 3456 271 3518 illos
291 3462 473 3532 sequuntur,
498 3467 531 3518 ut
547 3477 603 3520 nee
620 3461 723 3522 bibant
738 3462 804 3524 sine
819 3463 983 3524 ambitione
998 3479 1055 3524 nec
1070 3465 1169 3540 edant.
1254 3479 1255 3534 ι

1254 3569 1255 3599 l
