2522 3906
118 215 398 277 coutumeliam
411 215 600 276 accipent:
617 215 843 277 SAPIENTEM.
865 219 917 278 vt.
930 221 995 280 vll.
1021 217 1062 281 23

87 371 226 432 diderunt
239 369 378 443 tabellas,
395 368 505 444 quibus
521 368 649 428 avaritia
664 369 741 429 lalso
762 370 841 431 laeta
855 371 975 432 divitias
990 373 1063 432 ima·

87 455 216 530 ginatur=
243 468 302 529 ego
328 453 452 527 quidem
479 453 581 514 omnia
605 451 723 528 integra
747 453 932 530 inlibataque
952 457 1063 517 babeo.

87 537 213 614 proinde
226 539 305 599 istos
320 535 489 612 interroga,
510 536 562 612 qui
576 535 665 608 llent,
690 537 743 613 qui
761 537 974 614 lamentantur,
995 538 1062 600 stri-

89 623 140 682 ctis
154 621 265 697 gladiis
280 621 364 681 nuda
377 615 433 696 pr'o
448 622 579 696 pecunia
594 635 725 696 corpora
746 630 919 697 opponunt,
942 623 993 700 qui
1008 623 1062 684 ho-

89 714 161 765 stem
176 712 303 765 onerato
320 703 389 763 sinu
403 705 551 778 lugiunt.“
572 704 652 779 Ergo
666 704 708 764 ita
721 704 833 777 babes,
851 704 979 782 Serene,
995 723 1061 781 per·
1074 711 1092 768 8

90 792 196 849 lectum
211 790 296 849 illum
306 789 414 861 virum,
429 787 568 848 humanis
581 788 754 864 divinisque
765 790 926 850 uirtutibus
940 792 1065 868 plenum

90 873 158 932 nihil
173 873 314 947 perdere.
336 872 419 932 bona
434 873 501 932 eius
516 871 624 932 solidis
645 880 674 932 et
688 873 985 949 inexsuperabilibus
1000 891 1064 933 mu·

90 955 226 1016 nimentis
243 955 418 1031 praecincta
432 961 511 1016 sunt.
534 971 595 1016 non
609 957 799 1034 Babylonios
814 956 856 1016 illi
871 973 975 1020 muros
991 973 1063 1018 con-

91 1040 206 1113 tuleris,
222 1056 302 1114 quos
317 1039 493 1099 Alexander
507 1039 641 1114 intravit,
657 1057 718 1100 non
735 1039 923 1115 Carthaginis
939 1049 991 1102 aut
1004 1041 1064 1102 Nu·

91 1121 216 1184 mantiae
234 1123 364 1194 moenia,
379 1139 440 1182 una
456 1140 547 1183 manu
562 1129 660 1199 capta,
676 1139 736 1184 non
752 1125 931 1200 Capitolium
948 1141 1063 1186 arcem-

90 1223 139 1279 ve,
163 1205 279 1267 habent
303 1208 362 1267 ista
386 1207 496 1267 lrostile
520 1205 696 1282 vestigium:
727 1209 778 1268 illa
799 1225 878 1284 quae
895 1210 1065 1284 sapientem

91 1297 225 1363 tuentur,
252 1298 283 1351 et
297 1306 316 1349 a
329 1290 453 1350 llamma
466 1297 497 1351 et
510 1289 549 1350 ab
563 1291 687 1351 incursu
702 1298 766 1352 tuta
780 1300 865 1366 sunt,
888 1295 1003 1354 nullum
1019 1293 1063 1351 in-

92 1376 206 1435 troitum
223 1373 379 1450 praebent,
396 1376 528 1448 excelsa,
544 1373 802 1450 inexpugnabilia,
819 1375 867 1436 dis
883 1391 991 1450 aequa.

145 1457 211 1517 Vll.
243 1457 311 1517 Non
327 1459 471 1532 estquod
487 1457 572 1518 dieas
593 1459 667 1534 isla,
685 1464 719 1520 ut
732 1459 832 1530 solea,
848 1458 929 1519 hunc
944 1458 1096 1533 sapien-l

91 1549 144 1602 tem
159 1549 298 1602 nostrum
313 1557 464 1618 nusquam
481 1541 618 1602 inveniri.
660 1559 722 1602 non
743 1543 887 1618 fingimus
908 1543 989 1603 istud
1010 1541 1065 1601 hu·

91 1626 164 1685 mani
179 1625 292 1700 ingenii
307 1642 419 1685 vanum
435 1625 530 1686 decus
546 1627 770 1702 accingentem
786 1627 949 1702 imaginem
969 1627 1066 1686 falsae

90 1710 129 1769 rei
145 1709 353 1784 concipimus,
375 1710 431 1770 sed
446 1711 566 1784 qualem
581 1711 812 1783 confirmamus,
828 1711 1022 1771 exhibuimus
1036 1715 1067 1769 et

90 1791 308 1867 exhibebimus,
323 1809 393 1853 raro
409 1793 534 1854 forsitan
547 1793 728 1869 magnisque
748 1801 880 1856 aetatum
900 1793 1065 1854 intervallis

90 1893 188 1938 unum.
232 1891 334 1952 neque
354 1877 433 1942 enim
453 1892 562 1951 magna
576 1885 606 1937 et
620 1879 800 1939 excedentia
814 1879 935 1938 solitum
953 1893 989 1936 ac
1002 1877 1067 1936 vnl-

90 1977 190 2034 garem
210 1961 337 2021 modum
360 1961 467 2021 crebro
492 1960 664 2036 gignuntur.
708 1967 842 2021 aeterum
868 1961 1006 2035 bic-ipse
1025 1959 1065 2018 Μ.
1145 2025 1147 2032 ,

91 2045 175 2118 Cato,
199 2059 217 2103 a
232 2043 320 2104 cuius
335 2045 487 2106 mentione
502 2044 578 2110 baec
592 2045 757 2119 disputatio
773 2044 940 2120 processit,
957 2059 1068 2104 vereor

91 2144 126 2188 ne
146 2142 245 2203 supra
258 2135 395 2188 nostrum
410 2127 568 2202 exemplar
582 2129 630 2188 sit.
665 2129 805 2204 Denique
824 2127 957 2188 validius
977 2127 1098 2192 debota

91 2227 157 2272 esse
173 2212 258 2286 quod
273 2211 368 2272 laedit
381 2227 418 2272 eo
434 2213 517 2287 quod
532 2211 669 2272 laeditur.
707 2221 831 2273 nonest
847 2221 946 2274 autem
961 2211 1068 2271 tortior

26 2357 28 2370 ,
90 2295 222 2370 nequitia
238 2296 362 2356 virtute:
378 2313 439 2357 non
453 2301 556 2371 potest
573 2311 646 2372 ergo
661 2296 740 2356 laedi
753 2297 888 2372 sapiens.
910 2295 1022 2356 Iniuria
1037 2295 1068 2354 in

91 2378 187 2440 bonos
203 2377 264 2439 nisi
279 2396 297 2439 a
312 2380 398 2439 malis
413 2395 474 2440 non
492 2385 661 2454 temptatur.
685 2379 775 2441 bonis
790 2381 867 2440 inter
882 2395 917 2440 se
934 2395 995 2454 pax
1010 2386 1066 2438 est.

27 2489 28 2500 κ
93 2463 156 2522 mali
179 2469 262 2536 [non]
284 2470 345 2523 tam
365 2463 454 2524 bonis
477 2463 642 2538 perniciosi
663 2480 754 2540 quam
774 2464 852 2524 inter
874 2479 918 2523 se.
956 2461 1068 2536 quodsi

27 2605 28 2610 ,
92 2547 165 2606 laedi
187 2547 247 2606 nisi
261 2547 408 2608 infirmior
421 2563 483 2608 non
506 2553 621 2622 potest,
642 2548 740 2608 malus
760 2556 862 2607 autem
880 2546 963 2605 bono
984 2543 1067 2603 infir-

94 2631 163 2691 mior
179 2638 236 2704 est,
253 2646 311 2690 nec
325 2631 434 2691 iniuria
446 2631 536 2692 bonis
551 2631 610 2691 nisi
626 2647 643 2690 a
658 2631 774 2706 dispari
789 2628 923 2689 verenda
938 2633 998 2688 est:
1023 2627 1068 2686 in-

94 2715 164 2774 iuria
178 2715 209 2773 in
226 2714 397 2790 sapientem
413 2715 510 2776 vimm
532 2729 593 2774 non
609 2715 698 2774 cadit.
733 2714 806 2774 illud
827 2713 906 2772 enim
928 2712 987 2772 iam
1006 2728 1067 2772 non

93 2814 123 2856 es
137 2798 353 2859 admonendus
368 2798 519 2858 neminem
531 2799 644 2859 bonum
660 2812 731 2859 esse
742 2798 801 2858 nisi
813 2797 990 2872 sapientem.
1014 2794 1101 2870 „sto

93 2882 208 2956 iniuste,
229 2880 336 2957 inquit,
351 2881 495 2943 Socrates
511 2883 671 2942 damnatus
686 2889 743 2956 est,
765 2882 903 2942 iniuriam
920 2880 1069 2956 accepit.“

92 2965 152 3024 lloc
173 2967 243 3026 loco
259 2965 434 3041 intellegere
448 2982 506 3026 nos
522 2973 643 3041 oportet
658 2981 752 3041 posse
766 2967 905 3037 evenire,
927 2973 960 3026 ut
980 2964 1071 3024 iaciat

93 3049 198 3124 aliquis
215 3049 354 3110 iniuriam
375 3051 447 3110 milri
468 3058 499 3112 et
518 3065 576 3124 ego
599 3066 659 3110 non
681 3050 842 3125 accipiam:
868 3055 1021 3123 tamquam
1043 3047 1071 3108 si

95 3132 157 3206 quis
172 3149 248 3204 rem,
263 3149 352 3208 quam
367 3149 385 3192 e
399 3135 470 3194 villa
481 3149 549 3192 mea
560 3133 719 3208 subripuit,
734 3135 764 3194 in
778 3134 870 3195 domo
887 3148 954 3193 mea
967 3139 1068 3206 ponat,

93 3215 136 3274 ille
153 3217 266 3276 lurtum
282 3217 394 3290 lecerit,
405 3232 463 3292 ego
476 3217 547 3277 nibil
560 3218 754 3292 perdiderim.
775 3217 880 3278 Potest
891 3215 1001 3290 aliquis
1013 3219 1100 3278 nol

95 3313 162 3360 cens
177 3300 255 3374 lieri,
272 3301 410 3374 quamvis
427 3317 488 3362 non
503 3303 657 3363 nocuerim
686 3303 712 3362 si
728 3302 882 3378 quiscum
899 3315 998 3360 uxore
1013 3313 1071 3358 sua

94 3388 244 3459 tamquam
269 3385 370 3446 aliena
394 3385 591 3458 concumbat,
617 3386 735 3446 adulter
760 3383 830 3457 erit,
858 3384 997 3459 quamvis
1018 3383 1071 3440 illa

94 3466 312 3529 adultera'non
331 3469 384 3528 sit.v
415 3468 526 3544 aliquis
547 3469 619 3528 milri
638 3485 790 3529 venenum
811 3468 909 3538 dedit,
931 3465 987 3524 sed
1008 3461 1067 3518 vim
