2522 3906
159 241 203 304 60
453 238 487 297 L.
507 235 655 296 ANNAEI
677 233 853 296 SENECAE

161 393 222 452 list
251 389 341 452 turba
356 387 556 464 peccantium.
586 387 731 462 intellegit
745 401 836 461 quam
852 393 882 446 et
895 383 1033 460 iniquum
1053 383 1093 444 sit
1114 389 1148 444 et
1250 431 1251 444 .

131 473 368 551 spericutosum
383 472 473 532 irasci
487 471 611 547 publico
626 469 710 531 vitio.
732 468 903 530 Heraclitus
915 467 1058 543 quotiens
1070 483 1145 542 pro·

161 559 258 618 dierat
272 563 302 617 et
316 561 431 616 tantum
445 555 527 614 circa
541 569 576 614 se
590 555 669 613 male
682 552 857 626 viventium,
873 552 965 622 inuno
979 551 1059 610 male
1072 565 1146 626 per·

161 641 296 700 euntium
319 639 451 710 videret,
483 637 591 709 flebat,
617 636 817 697 miserebatur
842 635 976 700 omnium
1003 635 1056 708 qui
1083 633 1147 714 sibi

161 721 232 783 laeti
246 723 413 796 felicesque
431 720 649 794 occurrebant,
668 720 732 780 miti
747 719 864 793 animo,
878 719 937 778 sed
951 716 1040 778 nimis
1056 717 1144 777 inbe-

162 807 246 867 cillo=
262 814 293 866 et
305 805 373 880 ipse
387 806 465 864 inter
478 804 687 878 deplorandos
702 810 776 864 erat.
813 801 1020 864 Democritum
1035 809 1148 877 canna,

160 891 246 950 aiunt
262 903 428 963 numquam
442 885 589 948 sine'risu
602 887 631 946 in
646 887 770 963 publico
785 886 896 946 luisse:
917 885 995 947 adeo
1011 884 1084 944 nihil
1098 883 1144 944 illi

158 973 321 1037 videbatur
334 972 448 1032 serium
462 986 578 1044 eorum,
594 986 674 1046 quae
689 967 771 1032 serie
785 969 977 1044 gerebantur.
999 967 1058 1030 Ubi
1072 967 1144 1028 istic

129 1055 222 1126 sirac
235 1057 324 1117 loeus
339 1061 407 1116 estu
437 1061 489 1116 aut
507 1053 637 1114 ridenda
657 1053 759 1116 omnia
773 1061 826 1114 aut
839 1052 943 1114 flenda
957 1059 1038 1113 sunt.
1060 1052 1142 1112 ,Non
1214 1057 1216 1060 ’

159 1140 309 1202 irascetur
329 1138 455 1214 sapiens
481 1139 691 1214 peccantibus.
733 1143 850 1214 queret
877 1137 948 1213 quia
967 1133 1026 1196 s‘cit
1044 1135 1142 1197 nerui-

158 1239 229 1284 nem
242 1224 329 1284 nasci
350 1222 535 1298 sapientem,
554 1221 613 1282 'sed
633 1221 708 1282 fieri.
752 1220 811 1282 scit
828 1219 1035 1296 paucissimos
1056 1219 1142 1280 omni

158 1323 236 1368 aevo
252 1306 399 1382 sapientis
414 1305 557 1380 evadere,
578 1304 651 1380 quie
665 1305 877 1366 condicionem
891 1303 1042 1366 humanae
1057 1301 1141 1362 vitae

158 1397 352 1466 perspectam
367 1388 479 1450 'hebetr
499 1405 589 1448 nemo
609 1395 710 1449 autem
730 1395 857 1450 naturae
877 1403 972 1450 sanus
987 1381 1142 1446 irascitur.

162 1474 237 1550 quid
251 1475 339 1548 enim,
354 1473 381 1532 si
396 1473 499 1532 mirari
513 1471 586 1532 velit
600 1488 662 1532 non
677 1470 708 1531 in
723 1471 915 1532 silvestribus
929 1470 1030 1532 dumis
1044 1486 1140 1546 poma

157 1558 315 1632 penderet
348 1556 438 1630 quid,
462 1556 489 1614 si
509 1553 634 1615 miretur
654 1554 775 1630 spineta
799 1561 967 1631 sentesque
992 1569 1054 1614 nen
1074 1552 1141 1614 utili

158 1641 261 1715 aliqua
276 1641 364 1712 lruge
381 1639 539 1712 conplerit
569 1653 659 1698 nemo
674 1639 829 1713 irascitur,
844 1639 897 1698 ubi
911 1638 1014 1699 vitium
1029 1644 1144 1716 natura
1222 1649 1224 1655 ’

128 1723 301 1790 ldelendit.
331 1721 473 1782 Placidus
499 1721 602 1796 itaque
628 1723 753 1802 sapiens
778 1729 809 1782 ει
832 1738 951 1797 aequus
971 1722 1139 1795 erroribus,
1250 1717 1251 1762 ἒ

154 1823 218 1868 non
232 1807 347 1880 hostis,
364 1806 419 1865 sed
435 1813 591 1866 corrector
605 1807 811 1881 peccantium,
826 1805 886 1867 hoc
902 1805 1014 1866 cotidie
1029 1821 1138 1881 proce·

156 1893 200 1952 dit
214 1891 330 1952 animo:
351 1889 455 1965 „multi
469 1889 542 1949 mihi
557 1897 718 1950 occurrent
731 1889 803 1950 vino
818 1891 922 1965 dediti,
937 1890 1021 1950 multi
1037 1889 1137 1950 libidi-

155 1975 234 2046 nosi,
250 1974 334 2034 multi
349 1972 566 2047 ingrati,multi
582 1973 675 2047 avari,
690 1974 773 2034 multi
788 1973 875 2034 iuriis
889 1973 1062 2050 ambitionis
1074 1971 1138 2048 agi
1250 1979 1251 2058 ι

98 2086 102 2091 ·
154 2059 236 2118 tati.“
279 2057 379 2118 omnia
400 2057 458 2116 isto
476 2062 538 2116 tam
558 2057 710 2132 propitius
735 2057 886 2133 adspiciet
907 2073 1009 2134 quam
1023 2073 1136 2132 aegros
1250 2067 1251 2070 ’

125 2151 233 2206 ιιειιοε
249 2140 398 2200 medicus.
421 2139 584 2214 ¹Numquid
598 2141 657 2214 ille,
673 2141 761 2202 cuius
776 2141 930 2217 navigium
944 2143 1067 2202 multam
1082 2158 1137 2200 un-

157 2225 250 2298 dique
264 2223 373 2284 laxatis
388 2223 579 2298 conpagibus
594 2239 706 2298 aquam
721 2225 820 2300 trahit,
829 2227 931 2286 ‘nautis
946 2225 1137 2301 ipsiquena-

154 2307 238 2382 vigio
254 2307 416 2367 irascitur?
447 2307 587 2367 occurrit·
599 2309 699 2382 potius
714 2317 745 2369 et
759 2309 849 2368 aliam
862 2309 999 2384 excludit
1012 2310 1136 2384 undam,

113 2391 114 2394 ’
154 2391 245 2474 aliam
260 2390 370 2464 egerit,
385 2391 547 2452 manifesta
560 2392 710 2452 foramina
724 2393 908 2468 praecludit,
926 2392 1089 2469 latentibus
1105 2401 1136 2455 et

155 2490 195 2535 ex
209 2477 329 2536 occulto
351 2475 498 2536 sentinam
521 2475 702 2536 ducentibus
722 2477 828 2536 labore
849 2478 992 2552 continuo
1010 2477 1135 2538 resistit.

154 2575 212 2620 nec
226 2559 297 2620 ideo
312 2558 492 2632 intermittit,
515 2559 587 2634 quie
603 2567 747 2634 quantum
762 2560 945 2633 exhaustum
960 2565 1007 2637 est
1022 2561 1134 2622 subna-

154 2643 256 2702 scitur.
292 2643 389 2703 Lento
405 2643 556 2702 adiutoria
578 2659 656 2718 opus
671 2651 720 2704 εει
733 2651 839 2726 contra
853 2647 933 2704 mala
946 2644 1091 2706 continua
1105 2652 1136 2705 et

152 2727 294 2800 fecunda,
309 2742 371 2786 non
385 2732 418 2786 ut
432 2725 583 2802 desinant,
599 2727 655 2788 sed
671 2743 710 2790 ne
720 2729 858 2802 vincant.

122 2819 139 2870 1
216 2808 266 2868 Xl.
299 2808 407 2882 „Utilis
423 2809 611 2884 est,inquit,
627 2813 775 2888 ira,‘quia
796 2820 1001 2890 contemptum
1017 2813 1140 2893 effugit,¹
1250 2799 1251 2824 ¹

154 2893 226 2968 quia
240 2891 339 2952 malos
353 2896 477 2953 terret.“
506 2893 637 2954 Primum
653 2897 714 2971 ira,
733 2897 761 2958 si
776 2905 921 2974 quantum
936 2898 1066 2958 minatur
1079 2915 1133 2958 va·

102 3050 105 3054 ,
151 2977 207 3046 Ιει,
223 2975 263 3035 ob
278 2973 338 3036 hoc
357 2976 458 3050 ipsum
474 2977 559 3050 quod
572 2977 714 3042 terribilis
730 2989 785 3054 εει,
803 2989 833 3044 ει
846 2982 946 3044 invisa
960 2990 1017 3042 est.
1052 2983 1141 3058 peri·¹

151 3058 289 3118 culosius
304 3065 353 3120 est
365 3065 467 3119 autem
481 3060 578 3120 tirneri
600 3079 691 3136 quam
707 3065 834 3140 despici.
864 3065 984 3128 sivero
1006 3066 1073 3126 sine
1089 3066 1134 3128 vi-

149 3142 235 3201 ribus
252 3150 313 3214 εει,
336 3143 589 3220 magis‘exposita
611 3149 797 3223 contemptui
812 3157 860 3209 est
873 3157 903 3210 et
917 3151 1055 3212 derisum
1069 3167 1132 3210 non

150 3224 267 3300 effugit.
297 3227 370 3298 quid
385 3227 465 3286 enim
480 3235 527 3288 εει
546 3228 705 3291 iracundia
725 3233 755 3292 in
776 3248 1001 3308 supervacuum
1022 3236 1131 3294 tumul·
1224 3263 1229 3269 ⁸

120 3317 253 3370 utuante
272 3309 433 3384 nigidiust
448 3312 579 3372 ,Deinde
599 3331 661 3375 non
681 3315 751 3394 ideo
773 3318 939 3392 quaedam,
962 3319 1035 3392 quia
1060 3321 1131 3378 sunt

147 3393 342 3467 terribiliora,
370 3395 489 3468 potiora
509 3405 589 3458 sunt.
636 3415 675 3459 ne
696 3399 755 3459 hoc
777 3401 906 3474 sapienti
927 3401 1006 3460 adici
1028 3401 1129 3474 velim,

149 3478 232 3546 quod
246 3478 330 3538 lerae
344 3479 509 3560 saevientis
532 3497 658 3557 quoque
678 3482 769 3543 telum
790 3491 851 3560 est,
876 3485 984 3546 timeri.
1020 3485 1131 3560 ecquid
