2528 3906
202 201 274 297 tta
391 233 425 292 n.
445 233 593 322 anunm
615 230 791 292 snuucns
812 231 914 292 omn.
933 231 987 292 vt.
1016 175 1032 208 ⁰
1136 249 1144 264 ·

204 406 286 450 sone
299 388 394 464 petris
410 387 450 448 tui
464 385 615 461 gesseris,
643 400 733 460 quem
753 400 815 444 non
835 381 936 444 minus
955 399 1044 458 quam
1066 383 1178 445 liberos

202 472 348 545 dilexisti,
364 476 495 546 excepto
510 485 547 529 eo
565 467 647 544 quod
668 483 729 528 non
745 467 875 542 optabas
890 467 1101 541 superstitem:
1122 483 1178 528 nec

204 556 270 616 scio
287 571 324 614 an
340 562 371 616 et
385 553 552 629 optaveris.
580 551 725 628 permittit
743 551 823 612 enim
835 550 894 610 sibi
906 551 1057 624 quaedam
1074 557 1181 612 contra

204 640 319 700 bonum
332 652 448 700 morem
463 651 574 710 magne
587 635 696 710 pietas.
727 641 854 696 mortem
869 635 907 692 A.
923 634 1065 698 Cremutii
1080 633 1178 707 Cordi,

205 723 341 798 parentis
364 720 408 780 tui
430 727 577 795 quantum
596 725 730 794 poteras,
749 717 920 779 inhibuisti:
942 726 1106 794 postquam
1125 716 1178 778 tibi

202 805 347 880 adparuit
361 803 439 864 inter
448 801 630 864 Seianianos
640 801 787 864 satellites
798 801 880 862 illam
890 817 982 862 unam
993 809 1099 878 patere
1115 816 1179 860 ser-

206 889 310 948 vitutis
326 888 438 962 lugam,
461 903 523 946 non
541 886 642 946 lavisti
663 884 885 958 consiliosius,
907 884 965 946 sed
985 883 1104 944 dedisti·
1116 899 1178 944 ma·

206 988 265 1031 nus
281 972 361 1030 victa
375 970 541 1046 fudistique
552 969 702 1030 lacrimas.
724 971 825 1044 palam
837 974 867 1028 et
880 969 1010 1043 gemitus
1025 967 1180 1030 devorasti

209 1055 340 1129 quidem,
357 1071 417 1115 non
434 1061 534 1114 tamen
549 1053 636 1112 hilari
650 1053 754 1134 ironte·
765 1051 867 1113 texisti
882 1058 912 1111 et
922 1051 982 1112 hoc
996 1051 1047 1112 illo
1062 1052 1179 1123 seculo,

170 1141 269 1214 aquo
288 1152 399 1213 magna
409 1138 509 1212 pietas
525 1144 589 1196 erat
600 1135 673 1197 nihil
684 1135 768 1213 inpie
779 1137 895 1196 lacere:
917 1141 951 1195 ut
961 1149 1035 1194 vero
1047 1135 1181 1208 aliquam

208 1220 404 1282 occasionem
424 1222 547 1290 mutatio
559 1219 710 1300 temporis
726 1217 818 1291 dedit,
840 1218 992 1293 ingenium
1012 1218 1108 1292 patris
1127 1218 1180 1289 tui,

208 1305 248 1366 de
264 1320 325 1380 quo
339 1312 494 1380 sumptum
511 1311 576 1366 erat
590 1303 787 1378 supplicium,
802 1303 833 1361 in
850 1303 950 1364 visum
963 1301 1119 1362 hominum
1132 1317 1175 1360 re·

205 1387 321 1448 duxisti
342 1395 373 1448 et
386 1404 405 1447 a
420 1404 494 1447 vera
513 1389 596 1450 illum
616 1387 779 1448 vindicasti
797 1391 895 1445 morte
916 1401 952 1454 ac
972 1383 1130 1448 restituisti
1151 1385 1181 1444 in

207 1473 332 1546 publica
352 1479 547 1532 monumenta
564 1471 669 1544 libros,
686 1485 766 1545 quos
780 1469 827 1530 vir
840 1469 891 1530 ille
904 1467 1088 1530 fortissimus
1111 1483 1181 1526 san-

205 1555 300 1628 guine
322 1569 379 1614 suo
401 1553 576 1628 scripserat.
606 1551 725 1628 Optime
742 1552 879 1614 meruisti
897 1552 936 1612 de
948 1551 1095 1614 Romanis
1118 1559 1181 1612 stu-

206 1633 276 1710 diis,
292 1651 401 1710 magna
416 1635 536 1696 illorum
551 1651 623 1711 pars
635 1644 761 1696 arserat.
791 1633 905 1710 optime
921 1636 960 1694 de
975 1632 1118 1710 posteris,
1142 1634 1183 1693 ad

207 1735 288 1793 quos
299 1719 401 1780 veniet
412 1720 589 1795 incorrupta
602 1735 703 1780 rerum
718 1719 797 1780 fides
809 1721 925 1780 auctori
939 1735 997 1780 suo
1012 1733 1123 1794 magno
1138 1718 1183 1776 in-

207 1809 323 1887 putata.
352 1803 466 1877 optime
480 1803 519 1862 de
535 1805 614 1878 ipso,
636 1803 722 1864 cuius
742 1803 825 1877 viget
836 1803 1012 1877 vigebitque
1025 1801 1184 1876 memoria,

209 1886 354 1960 quamdin
368 1885 398 1945 in
411 1887 509 1962 pretio
524 1887 613 1946 tuerit
622 1886 923 1960 Romanacognosci,
940 1886 1085 1962 quamdiu
1099 1885 1184 1960 quis·

208 1986 301 2044 quam
316 1969 381 2044 erit,
407 1971 459 2045 qui
480 1970 591 2029 reverti
610 1969 684 2029 velit
704 1969 743 2028 ad
764 1977 832 2030 acta
852 1969 1009 2041 maiorum,
1037 1969 1186 2044 quamdiu

208 2054 382 2128 quisquam,
400 2054 452 2127 qui
459 2053 531 2112 velit
547 2052 636 2126 scire,
653 2053 726 2127 quid
734 2052 774 2112 sit
786 2052 833 2111 vir
842 2051 1008 2126 Romanus,
1028 2053 1103 2128 quid
1111 2053 1184 2112 sub-

208 2134 284 2194 actis
311 2136 371 2194 inm
392 2135 562 2196 cervicibus
586 2136 721 2196 omnium
741 2143 774 2195 et
800 2135 839 2196 ed
857 2134 1051 2196 Seianianum
1079 2136 1185 2210 iugum

208 2217 325 2277 adactis
347 2216 522 2292 indomitus,
544 2219 617 2294 quid
639 2220 679 2279 sit
696 2219 788 2279 homo
807 2217 938 2294 ingenio,
959 2219 1070 2293 animo,
1091 2235 1186 2278 manu

174 2301 293 2361 eliber.
329 2301 470 2377 Magnam
486 2301 659 2362 mehercule
674 2302 885 2362 detrimentum
900 2303 1075 2377 respublica
1092 2319 1186 2376 cepe-

208 2389 263 2456 rat,
282 2385 308 2444 si
319 2384 401 2445 illum
417 2385 456 2446 ob
471 2387 548 2446 duas
563 2401 614 2445 res
629 2385 849 2460 pulcherrimas
863 2385 892 2445 in
910 2387 1095 2448 oblivionem
1111 2401 1186 2446 con-

209 2467 328 2542 iectum,
350 2469 553 2544 eloquentiam
571 2476 601 2528 et
615 2469 792 2542 libertatem,
808 2485 868 2529 non
887 2469 1037 2530 emisses:
1063 2469 1186 2543 legitur,

208 2549 305 2624 iloret,
321 2551 351 2610 in
366 2568 475 2612 manus
490 2552 655 2627 hominum,
670 2553 700 2611 in
711 2558 837 2626 pectora
847 2559 990 2628 receptus
1001 2559 1188 2612 vetustatem

208 2636 321 2694 nullam
333 2635 432 2695 timet:
454 2642 484 2694 at
503 2635 623 2696 illorum
638 2635 814 2695 carnificum
836 2637 895 2696 cito
912 2638 1031 2696 scelera
1047 2652 1188 2712 quoque,

174 2718 320 2790 aquibus
341 2719 416 2779 solis
436 2719 612 2778 memoriam
633 2726 816 2792 meruerunt,
837 2719 989 2780 tacebunt.
1018 2719 1102 2779 Haec
1120 2735 1188 2778 ma-

207 2801 333 2873 gnitudo
348 2800 439 2860 animi
454 2803 496 2862 tui
508 2803 602 2862 vetuit
615 2817 664 2862 me
678 2802 718 2862 ad
730 2817 839 2862 sexum
852 2809 936 2863 tuum
949 2804 1114 2878 respicere,
1133 2818 1190 2860 ve-

206 2883 262 2942 tuit
276 2883 315 2942 ad
326 2885 449 2956 voltus,
467 2901 558 2960 quem
568 2893 613 2946 tot
626 2901 776 2948 annorum
788 2884 932 2946 continua
945 2887 1070 2960 tristitia,
1086 2892 1120 2946 ut
1135 2901 1189 2944 se-

207 2967 266 3024 mel
281 2965 418 3040 obduxit,
434 2975 524 3028 tenet.
554 2975 584 3026 et
598 2969 678 3038 vide,
695 2983 786 3042 quam
801 2985 863 3028 non
879 2971 1043 3046 subrepam
1057 2968 1110 3028 tibi
1127 2985 1190 3028 nec

207 3049 318 3108 lurtum
340 3051 442 3110 lacere
461 3051 631 3112 adfectibus
655 3051 715 3111 tuis
736 3053 881 3126 cogitemz
904 3052 1029 3127 antiqua
1051 3054 1132 3112 mala
1155 3053 1190 3110 in

207 3133 383 3193 memoriam
397 3134 516 3209 reduxi,
537 3141 568 3194 et
581 3135 628 3195 vis
644 3136 724 3194 scire
738 3135 818 3195 banc
833 3147 958 3212 quoque
973 3137 1095 3211 plagam
1110 3151 1191 3196 esse

206 3216 396 3276 sanandam?
416 3217 538 3278 ostendi
552 3217 605 3277 tibi
620 3233 720 3293 aeque
737 3221 838 3292 magni
850 3218 985 3282 volneris
997 3220 1189 3282 cicatricem.

206 3297 256 3356 alii
277 3299 380 3375 itaque
400 3302 530 3362 molliter
546 3307 638 3375 agant
660 3309 690 3360 et
708 3301 912 3377 blandiantur,
934 3317 993 3378 ego
1013 3301 1192 3376 confligere

207 3396 275 3441 cum
291 3390 343 3444 tuo
357 3400 499 3446 moerore
511 3384 654 3445 constitui
665 3392 695 3445 ct
706 3385 850 3448 defessos
864 3388 1096 3462 exhaustosque
1109 3402 1192 3446 ocu-

207 3465 263 3540 toS,
280 3467 426 3527 siveram
446 3469 502 3540 vis,
524 3467 622 3542 magis
642 3469 703 3528 iam
723 3485 763 3528 ex
784 3471 1007 3531 consuetudine
1028 3485 1124 3544 quarn
1138 3489 1187 3534 ex
