2522 3906
268 239 372 298 ome.
396 237 445 296 m.
479 238 892 301 DtllltAtlB.1.e·-11.
957 221 960 226 ’
1030 241 1072 306 43

97 407 142 450 res
160 391 218 448 illis
240 389 413 464 similisque
434 389 633 465 opposueris,
659 399 693 451 ut
715 391 777 450 irae
794 401 921 466 metum,
948 395 1073 455 inertiae

97 475 178 545 iram,
191 472 292 533 timori
312 473 518 548 cupiditatem.
551 473 642 534 Absit
661 475 754 535 hoca
772 475 879 536 virtute
897 477 1017 551 malum,
1038 484 1099 541 uid

96 573 233 632 umquam
248 557 327 616 ratio
343 557 383 616 ad
397 557 470 617 vitia
483 558 646 631 confugiat.
685 559 752 618 Non
768 567 871 634 potest
885 560 934 620 hic
950 562 1068 622 animus

96 642 179 701 lidele
195 639 290 700 otium
307 655 427 716 capere.
468 641 618 715 quatiatur
639 657 769 703 necesse
784 650 831 703 est
846 643 1069 719 lluctueturque

97 725 142 799 qui
159 725 245 783 malis
261 723 327 784 suis
343 731 424 784 tutus
439 733 499 799 est,
524 723 577 800 qui
591 725 677 786 lortis
694 723 765 786 ess'e
779 727 838 787 nisi
852 727 992 786 irascitur
1008 745 1068 789 non

97 815 199 882 potest,
216 807 387 869 industrius
402 807 461 868 nisi
476 810 567 884 eupit,
592 810 711 882 quietus
727 810 785 872 nisi
799 811 898 872 timet:
920 811 950 868 in
967 819 1068 888 tyran-

25 901 26 968 ᾗ
96 892 159 951 nide
176 892 217 950 illi
232 891 398 952 vivendum
413 893 505 952 estin
522 893 649 952 alicuius
665 893 804 956 adlectus
820 895 952 954 venienti
973 897 1068 954 servi-

25 993 27 1012 r
96 983 190 1034 tutem.
223 975 289 1036 Non
313 976 407 1050 pudet
427 975 552 1036 virtutes
574 976 603 1036 in
625 977 793 1038 clientelam
807 979 948 1039 vitiorum
964 979 1068 1039 demit·

95 1065 175 1118 teret
220 1059 339 1118 Deinde
369 1059 480 1119 desinit
505 1060 667 1135 quicquam
701 1077 795 1135 posse
820 1063 913 1136 ratio,
944 1064 970 1122 si
997 1062 1097 1127 nihils

94 1148 189 1218 potest
204 1142 271 1202 sine
286 1144 416 1214 adiectu,
434 1150 463 1202 et
478 1145 583 1218 incipit
597 1160 653 1218 par
666 1144 708 1203 illi
719 1145 887 1222 similisque
899 1162 979 1206 esse.
995 1146 1069 1221 quid

26 1289 27 1292 Ἴ
95 1227 167 1284 enim
182 1227 322 1300 interest,
347 1226 373 1286 si
396 1243 494 1301 aeque
515 1228 653 1288 adlectus
673 1229 845 1290 inconsulta
863 1246 914 1289 res
935 1237 981 1289 est
1002 1231 1068 1289 sine

95 1311 203 1369 ratione
219 1325 311 1384 quam
326 1309 402 1370 ratio
419 1311 485 1370 sine
499 1311 622 1371 adlecta
635 1311 800 1372 inefficaxt
837 1319 1068 1388 patruumque

95 1401 143 1466 est,
158 1393 211 1452 ubi
227 1408 298 1452 esse
313 1395 439 1454 alterum
454 1395 521 1455 sine
534 1397 629 1456 altero
644 1412 705 1455 non
722 1403 834 1472 potest.
874 1396 947 1468 Quis
968 1402 1068 1455 autem

95 1477 241 1537 sustineat
255 1477 409 1537 adlectum
423 1493 598 1554 exaequare
611 1478 742 1539 rationi?
776 1481 849 1555 „lta,
865 1479 971 1554 inquit,
988 1478 1096 1540 utilist

94 1562 227 1621 adlectus
243 1568 306 1631 est,
324 1562 350 1621 si
367 1561 507 1622 modicus
522 1568 598 1622 est.“
629 1563 724 1624 Immo
745 1565 771 1623 si
793 1571 900 1624 natura
914 1562 995 1624 utilis
1012 1569 1067 1622 est.

95 1645 146 1704 sed
171 1645 198 1702 si
218 1645 370 1719 inpatiens
389 1645 507 1720 imperii
526 1645 716 1722 rationisque
741 1655 802 1720 est,
829 1648 888 1709 hoc
913 1647 1069 1707 dumtaxat

95 1727 298 1788 moderatione
314 1737 530 1805 consequetur,
545 1738 577 1790 ut
592 1747 653 1804 quo
669 1731 767 1791 minor
783 1732 880 1806 luerit,
899 1731 998 1790 minus
1014 1747 1067 1790 no·

94 1819 169 1871 ocal:
192 1827 267 1886 ergo
283 1813 422 1873 modicus
437 1814 576 1874 adlectus
592 1814 665 1874 nihil
679 1816 762 1874 aliud
775 1831 866 1890 quam
877 1815 989 1874 malum
1005 1829 1068 1872 mo-

95 1895 187 1955 dicum
204 1903 260 1956 est.

149 1979 198 2038 Xl.
219 1978 303 2053 „Sed
318 1980 467 2041 adversus
479 1981 594 2055 hostes,
608 1981 713 2056 inquit,
730 1981 776 2040 ira
790 1988 837 2040 est
852 1981 1028 2040 necessaria
1035 1985 1068 2038 r‘
1082 1981 1092 2036 1

98 2061 246 2136 Nusquam
272 2063 388 2122 minus=
412 2063 465 2124 ubi
486 2081 546 2124 non
568 2063 686 2126 effusos
701 2081 773 2126 esse
794 2072 915 2140 oportet
934 2064 1066 2140 inpetus,

96 2147 146 2204 sed
160 2153 346 2221 temperatos
362 2154 392 2207 et
405 2146 593 2208 obedientes.
627 2149 704 2222 Quid
720 2149 800 2208 enim
815 2157 862 2209 est
873 2149 966 2222 aliud,
983 2149 1067 2224 quod

97 2228 237 2289 barbaros
251 2236 336 2291 tanto
351 2230 542 2292 robustiores
557 2231 756 2306 corporibus,
771 2239 855 2293 tanto
871 2232 1066 2308 patientiores

99 2312 227 2372 laborum
242 2315 427 2374 comminuat
441 2315 498 2374 nisi
519 2316 565 2376 ira
584 2314 782 2390 infestissima
804 2316 883 2377 sibit
920 2317 1067 2391 gladiato·

98 2412 141 2456 res
156 2413 280 2472 quoque
300 2414 351 2457 ars
373 2403 487 2472 tuetur,
509 2397 555 2460 ira
574 2400 718 2459 denudat.
754 2400 871 2461 Deinde
893 2400 968 2476 quid
988 2406 1096 2473 opust

99 2479 204 2554 eslim,
220 2482 384 2541 cumidem
401 2483 540 2556 proliciat
554 2483 654 2542 ratior
682 2500 719 2543 an
735 2492 769 2544 tu
788 2490 877 2558 putas
891 2490 1067 2542 venatorem

100 2564 179 2623 irasci
195 2565 290 2624 ferist
321 2563 405 2640 atqui
419 2571 450 2626 et
464 2566 611 2626 venientis
627 2567 740 2642 excipit
759 2575 788 2627 et
805 2566 947 2640 rugientis
963 2579 1067 2639 perse-

100 2648 199 2720 quitur,
215 2656 245 2708 et
262 2650 363 2709 omnia
376 2649 427 2708 illa
442 2649 508 2710 sine
523 2649 569 2709 ira
583 2651 654 2710 lacit
667 2651 754 2710 ratio.
789 2649 864 2722 Quid
882 2648 1068 2708 Cimbrorum

97 2731 355 2807 Teutonorumque
374 2739 419 2794 tot
438 2733 519 2794 milia
540 2735 704 2809 superfusa
725 2733 854 2808 Alpibus
876 2733 917 2793 ita
937 2733 1067 2804 sustulit,

97 2820 123 2872 ut
135 2821 234 2877 tantae
249 2815 346 2878 cladis
362 2817 496 2878 notitiam
516 2818 557 2878 ad
578 2833 652 2878 suos
675 2833 735 2878 non
751 2815 890 2890 nuntius,
912 2817 968 2877 sed
989 2817 1069 2875 lama

97 2901 260 2971 pertulerit,
283 2901 342 2961 nisi
362 2902 446 2976 quod
467 2909 532 2962 erat
545 2901 604 2961 illis
630 2917 686 2976 pro
709 2901 816 2961 virtute
837 2901 902 2960 irat
936 2917 1014 2974 quae
1035 2907 1069 2960 ut

96 2984 254 3059 aliquando
270 2986 404 3060 propulit
418 2985 586 3061 stravitque
601 2985 706 3058 obvia,
729 2985 770 3044 lla
791 2985 916 3059 saepius
931 2983 989 3043 sibi
1005 2983 1067 3042 exi·

97 3066 131 3124 tio
145 3075 200 3127 est.
235 3068 394 3131 Germanis
410 3069 484 3145 quid
498 3077 546 3130 est
560 3069 748 3130 animosius?
771 3068 844 3143 quid
859 3069 899 3127 ad
913 3069 1096 3127 incursum3

27 3209 29 3232 ζ
80 3150 211 3224 ,acriust
237 3150 311 3226 quid
327 3169 478 3214 armorum
493 3152 657 3228 cupidius?
685 3153 795 3227 quibus
810 3151 1009 3212 innascuntur
1022 3151 1067 3210 in·
1109 3217 1113 3225 ,

94 3234 337 3311 nutriunturque,
360 3233 490 3311 quorum
510 3235 602 3295 unica
621 3234 680 3295 illis
695 3251 769 3295 cura
783 3241 831 3294 est
844 3235 873 3296 in
889 3235 948 3294 alia
964 3236 1064 3308 negle-

93 3318 238 3390 gentibus.
273 3320 347 3394 quid
361 3320 531 3381 induratius
547 3319 586 3380 ad
602 3335 721 3378 omnem
737 3318 931 3398 patientiam?
952 3324 986 3376 ut
1001 3316 1066 3391 qui·

28 3437 29 3452 η
92 3399 144 3461 bus
166 3419 278 3476 magna
303 3419 342 3462 ex
368 3411 453 3480 parte
479 3421 539 3464 non
563 3401 726 3476 tegimenta
752 3417 916 3476 corporum
943 3400 1068 3474 provisa

27 3459 29 3550 i
92 3485 160 3558 sint,
189 3503 253 3548 non
279 3486 413 3563 suffugia
436 3489 586 3548 adversus
614 3493 796 3562 perpetuum
822 3485 899 3546 coeli
920 3483 1066 3554 rigorom=
