2554 3888
301 245 351 306 DE
367 243 588 305 Battvlrnrtt
602 243 730 304 VITAE.
751 252 794 306 13.
810 253 851 308 tt.
973 257 974 261 ’
1005 244 1065 306 tlt

98 399 243 476 praebuit,
258 405 321 458 tum
336 397 458 456 demum
472 394 625 457 intellecta
640 397 721 457 inani
737 399 898 460 iactatione
911 399 1067 473 cognomi-

97 484 143 543 nis
158 483 217 542 sui.
251 481 313 540 Sed
328 481 426 540 utillo
442 488 594 552 revertar,
615 481 697 540 unde
712 481 850 556 decessi,
869 482 943 542 etin
960 484 1095 552 eademg

98 566 221 627 materia
236 564 395 627 ostendam
411 564 634 638 supervacuam
650 566 851 638 quorumdam
866 565 1067 642 diligentiam:

72 656 76 664 '
97 653 174 710 idem
191 649 333 708 narrabat
346 647 497 707 Metellum
509 647 598 706 victis
609 647 869 710 inSiciliaPoenis
881 649 1067 724 triumphan-

13 755 14 762 ’
96 743 155 794 iem
175 749 269 794 unum
291 731 423 791 omnium
438 733 645 791 Romanorum
667 739 737 800 aliie
759 749 879 792 currum
902 741 1023 792 Gellium
1039 738 1069 792 θῑ

96 816 200 892 viginti
217 816 354 891 captivos
370 813 551 890 elephantos
565 815 702 875 duxisse.
720 809 841 876 ‘Sullam
856 817 992 878 ultimum
1006 818 1067 877 Ro·

96 916 253 960 manorum
269 897 435 973 protulisse
450 897 650 972 pomoerium,
667 901 752 974 quod
767 916 930 976 numquam
944 901 1068 976 provin-

15 966 18 991 '
40 1065 43 1069 .
97 984 178 1057 ciali,
200 985 256 1044 sed
270 983 374 1042 Italico
395 997 469 1056 agro
485 981 641 1057 adquisito
656 983 794 1058 prolerre
808 985 902 1046 moris
918 984 1001 1060 apud
1016 999 1070 1043 an·
1092 1023 1094 1027 -

96 1069 198 1142 tiques
219 1067 282 1126 luit.
314 1067 381 1125 Hoc
402 1065 482 1126 scire
496 1065 594 1140 magis
608 1066 752 1141 prodest,
780 1085 870 1143 quam
884 1068 1069 1128 Aventinum

96 1159 228 1212 montem
249 1157 334 1210 extra
351 1149 540 1225 pomoerium
563 1165 649 1224 esse,
670 1157 704 1210 ut
717 1151 768 1210 ille
781 1151 976 1226 adfirmabat,
999 1169 1068 1227 pro·

97 1244 163 1311 pter
177 1235 302 1294 alteram
317 1249 356 1292 ex
371 1232 491 1294 duabus
507 1233 620 1305 causis,
639 1241 692 1294 aut
706 1234 789 1308 quod
807 1235 894 1309 plebs
911 1251 948 1295 ec
965 1251 1068 1296 seces·

97 1320 206 1391 sisset,
222 1324 275 1377 aut
289 1317 373 1392 quod
387 1317 484 1377 Remo
500 1317 680 1392 auspicante
695 1319 746 1377 illo
762 1318 831 1378 loco
847 1334 922 1378 aves
937 1335 999 1379 non
1015 1319 1068 1377 ad-

96 1401 256 1464 dixissent.
288 1401 359 1461 Alia
379 1399 528 1476 deinceps
548 1400 794 1476 innumerabilia,
815 1417 895 1477 quae
916 1405 1097 1478 ampuriae

96 1493 166 1546 sunt
186 1485 354 1544 mendaciis
376 1491 429 1544 aut
449 1484 566 1544 similla.
597 1500 668 1544 nam
681 1492 715 1546 ut
728 1486 882 1547 concedas
898 1486 999 1546 omnia
1014 1501 1068 1545 eos

95 1571 157 1630 fide
181 1569 264 1630 bona
289 1567 405 1640 dicere,
430 1575 464 1628 ut
484 1569 523 1628 ad
543 1569 780 1642 praestationem
796 1569 944 1630 scribant:
968 1577 1069 1630 tamen

96 1653 183 1714 cuius
205 1653 264 1713 ista
284 1667 405 1712 errores
426 1651 580 1712 minuent?
602 1653 689 1712 cuius
710 1651 894 1728 cupiditates
910 1659 1071 1728 premente

96 1752 187 1812 quem
210 1737 381 1810 lortiorem,
399 1751 490 1810 quem
504 1736 678 1810 iustiorem,
700 1751 790 1811 quem
803 1735 1008 1798 liberaliorem
1026 1739 1069 1796 la-

95 1822 197 1880 cientt
226 1819 371 1880 Dubitare
393 1835 428 1879 se
448 1819 739 1880 interim'Fabianus
760 1827 866 1880 noster
886 1820 1002 1894 aiebat,
1030 1836 1069 1879 an

95 1905 193 1964 satius
209 1909 294 1964 esset
310 1901 402 1962 nullis
418 1903 528 1962 studiis
543 1903 702 1963 admoveri
717 1919 808 1978 quam
823 1903 870 1964 bis
886 1903 1036 1978 inplicari.

156 1987 237 2047 XIV.
260 1985 519 2046 Soliomnium
537 1987 654 2046 otiosi
670 1985 1097 2062 suntqulsapientiael

92 2077 253 2131 vacant:
270 2070 346 2130 soli
362 2070 507 2130 vivunt.
540 2085 597 2129 nec
612 2070 692 2129 enim
708 2086 795 2130 suam
810 2077 925 2132 lantum
939 2076 1070 2131 aetatem

92 2157 174 2216 bene
183 2161 316 2214 tuentum
330 2169 420 2214 omne
426 2169 535 2214 aevum
541 2169 598 2214 suo
607 2153 751 2214 adiciunt.
766 2154 913 2230 quicquid
920 2170 1070 2216 annorum

92 2248 165 2299 ante
176 2239 246 2298 illos
257 2245 358 2297 actum
376 2245 432 2311 est,
447 2235 506 2298 illis
522 2237 707 2314 adquisitum
719 2245 776 2299 est.
797 2239 861 2298 Nisi
874 2237 1070 2314 ingratissimi

93 2337 213 2395 sumus,
226 2320 268 2384 illi
276 2321 601 2381 clarissimisacrarum
610 2321 787 2396 opinionum
797 2320 1070 2384 conditoresnobis

91 2404 722 2480 natlsunt,nobisvitampraeparaverunt.
744 2406 841 2468 adres
850 2407 1070 2482 pulcherrimas

91 2507 132 2550 ex
157 2488 294 2550 tenebris
318 2489 358 2548 ad
382 2489 481 2548 lucem
501 2495 602 2548 erutas
627 2486 727 2548 alieno
752 2489 857 2549 labore
880 2489 1070 2550 deducimur.

90 2573 178 2633 nullo
201 2571 292 2632 nobis
312 2573 418 2632 seculo
433 2571 625 2632 interdictum
639 2579 701 2644 est,
726 2570 757 2630 in
774 2573 874 2632 omnia
888 2573 1071 2632 admittimur

91 2666 137 2731 et,
166 2657 193 2715 si
218 2655 426 2729 magnitudine
448 2655 540 2716 animi
561 2655 666 2730 egredi
691 2655 842 2714 humanae
866 2654 1069 2715 inbecillitatis

14 2751 15 2758 ¹
91 2741 253 2816 angustias
269 2739 357 2812 libet,
384 2741 524 2812 multum,
551 2753 607 2812 per
622 2739 707 2812 quod
726 2739 905 2814 spatiemur,
924 2739 1070 2813 temporis

89 2832 150 2884 cst.
173 2823 338 2898 Disputare
354 2839 423 2883 cum
435 2822 561 2884 Socrate
575 2822 654 2893 licet,
670 2822 810 2882 dubitare
825 2839 893 2882 cum
906 2823 1099 2895 Carneadea

90 2925 165 2968 cum
186 2907 320 2982 Epicuro
348 2906 521 2982 quiescere,
545 2905 677 2968 hominis
703 2914 841 2968 naturam
867 2923 935 2967 cum
959 2905 1070 2967 Stoicis

90 2994 235 3066 vincere,
258 3006 326 3050 cum
343 2991 466 3068 Cynicis
488 2990 653 3063 excedere,
682 3007 774 3066 quum
793 3007 895 3051 rerum
919 2996 1027 3050 natura
1040 2989 1070 3048 in

14 3103 15 3106 ¹
90 3073 286 3138 consortium
305 3071 404 3134 omnis
419 3073 487 3134 aevi
502 3073 634 3149 patiatur
646 3073 799 3135 incedere.
833 3074 943 3149 Quidni
958 3072 1071 3134 abhoc

88 3161 209 3236 exiguo
225 3159 387 3219 etcaduca
402 3158 549 3234 temporis
563 3158 692 3218 transitu
706 3159 736 3219 in
752 3159 803 3219 illa
816 3165 880 3220 toto
892 3173 950 3221 nos
962 3159 1070 3220 demus

88 3243 214 3317 animo,
229 3257 309 3318 quae
323 3242 477 3316 inmensa,
494 3257 573 3317 quae
589 3247 812 3315 aeternamm,
832 3257 995 3322 quaecum
1008 3257 1071 3302 me-

89 3328 223 3388 lioribus
240 3323 433 3387 communiat
461 3327 529 3400 Isti,
552 3326 604 3400 qul
619 3341 674 3400 per
690 3326 793 3387 cilicia
808 3327 997 3400 discursant,
1021 3325 1100 3400 quta

88 3427 127 3472 se
150 3412 292 3486 aliosque
313 3409 497 3486 inquietant,
524 3425 591 3470 cum
612 3408 690 3470 bene
705 3411 898 3486 insanierint,
925 3427 993 3471 cum
1008 3425 1071 3468 om·

87 3496 177 3556 nium
193 3495 296 3556 limina
312 3494 423 3556 cotidie
436 3493 715 3572 perambulaverint
728 3509 786 3556 nec
799 3497 877 3556 ullas
889 3500 1011 3570 apertas
1027 3491 1070 3550 lo-

46 3597 50 3601 ’
851 3577 905 3640 14*
