2546 3890
100 243 344 311 aouuuvmn
354 197 883 312 mumunsconsomrronu.
896 260 938 314 n.
947 260 989 312 12.
1011 250 1074 316 251

101 401 222 461 niamus
237 400 275 460 ad
290 400 475 474 locupletem
497 415 589 475 quam
603 402 696 462 multa
710 409 781 462 sunt
794 410 947 478 tempora,
963 404 1075 479 quibus

103 481 293 560 pauperibus
304 483 419 544 similes
431 483 513 544 sintl
529 483 726 546 circumcisae
737 495 809 547 sunt
820 486 1076 560 peregrinantium

102 565 244 628 sarcinae
258 573 289 628 et
303 565 443 644 quotiens
458 567 680 629 festinationem
695 570 865 630 necessitas
877 569 992 631 itineris
1003 587 1075 632 exe·

103 650 161 727 git,
182 650 325 712 comitum
343 651 431 711 turba
445 649 608 713 diminluu.
640 651 801 714 militantes
818 661 940 727 quotam
957 661 1075 730 partem

102 751 204 796 rerum
225 750 348 796 suanam
374 751 478 796 secum
503 733 629 810 habent,
658 752 727 798 cum
753 751 872 797 omnem
895 738 1074 814 adparatum

105 817 274 880 castrensis
295 817 457 894 disciplina
479 819 684 880 submoveat?
717 819 779 881 Nec
800 827 913 880 tantum
934 822 1103 883 condicioo

102 901 173 964 illos
188 908 357 978 temporum
372 909 425 963 aut
439 903 574 964 locorum
589 903 694 980 inopia
707 897 894 980 pauperibus
909 914 1074 980 exaequat:

102 991 228 1047 sumunt
242 986 392 1062 quosdam
408 987 488 1061 dies,
513 1002 580 1047 cum
601 989 660 1047 iam
674 987 743 1048 illos
760 987 929 1049 dinitiarum
944 989 1076 1049 taedium

102 1067 200 1145 cepit,
224 1069 334 1145 quibus
354 1069 437 1131 humi
458 1077 588 1132 coenent
607 1079 638 1132 et
656 1079 773 1132 remoto
794 1087 869 1132 auro
888 1079 1075 1147 argentoque

101 1151 246 1214 fictilibus
268 1159 399 1216 uantur.
431 1155 603 1216 dementes!
634 1155 694 1215 hoc
715 1155 800 1230 quod
821 1155 984 1232 aliquando
1001 1172 1074 1217 con·

101 1237 280 1312 cupierunt,
295 1253 418 1312 semper
427 1237 540 1299 timent.
566 1237 716 1314 Oquanta
725 1239 795 1299 illos
809 1237 907 1314 caligo
920 1241 1072 1312 mentium,

102 1327 217 1396 quantu
228 1321 398 1395 ignorantia
408 1322 542 1382 veritatis
554 1331 686 1396 exercet,
702 1338 793 1397 quam
805 1323 969 1398 voluptatis
979 1340 1074 1384 eausa
1111 1352 1117 1366 ›

101 1404 269 1465 imitantur!
304 1404 354 1464 Me
376 1403 498 1480 quidem
519 1405 660 1480 quotiens
675 1405 715 1466 ad
731 1405 856 1481 antiqua
870 1408 1011 1482 exempla
1025 1421 1102 1471 ree

101 1489 207 1563 spexi,
229 1486 417 1564 paupertatis
430 1489 473 1551 uti
488 1489 605 1552 solatiis
619 1489 727 1564 pudet,
743 1491 886 1565 quoniam
900 1490 1023 1566 quidem
1035 1506 1072 1551 eo

100 1581 272 1648 tempomm
292 1571 412 1636 luxuria
432 1573 578 1649 prolapsa
600 1581 661 1647 est,
683 1580 715 1634 ut
729 1574 827 1634 maius
843 1572 982 1636 viaticum
998 1591 1072 1635 exu-

100 1659 163 1716 lum
184 1657 237 1729 sit,
261 1673 352 1732 qnam
372 1656 444 1716 olim
463 1657 675 1732 patrimonium
691 1658 861 1735 principum
878 1659 941 1719 luit.
972 1659 1072 1720 Unum

101 1739 201 1800 luisse
221 1741 355 1803 Homero
374 1753 513 1816 servum,
535 1750 597 1804 tres
617 1742 748 1816 Platoni,
772 1745 885 1804 nullum
899 1743 1031 1818 Zenoni,
1054 1761 1073 1802 a

101 1843 164 1900 quo
185 1825 288 1902 coepit
308 1825 481 1890 Stoicorum
505 1825 603 1904 rigida
628 1842 664 1888 ac
684 1826 779 1887 virilis
801 1827 967 1903 sapientia,
996 1825 1072 1887 satis

50 1965 52 1970 .
102 1917 231 1972 constat.
266 1927 337 1970 num
357 1925 430 1987 ergo
452 1909 615 1987 quisquam
634 1925 689 1970 eos
710 1910 822 1971 misere
844 1911 960 1970 vixisse
981 1910 1071 1982 dicet,

100 2001 134 2055 ut
147 2010 208 2056 non
224 1995 292 2076 ipse
306 1994 492 2056 miserrimus
507 1995 547 2057 ob
562 1989 777 2056 hoc'omnibus
790 1995 949 2055 videatur?
969 1993 1100 2059 Mene-5

100 2077 168 2137 nius
188 2078 341 2155 Agrippa,
365 2079 417 2154 qui
437 2079 516 2140 iuter
536 2086 640 2155 patres
660 2095 697 2140 ac
711 2078 832 2155 plebem
849 2076 989 2154 publicae
1003 2093 1071 2151 gra·

100 2161 160 2221 tiae
183 2170 345 2237 sequester
365 2163 433 2236 luit,
461 2177 532 2223 aere
552 2164 663 2224 collato
684 2165 841 2224 funeratus
862 2171 917 2222 est.
951 2159 1071 2221 Attilius

99 2245 252 2320 Regulus,
276 2263 345 2308 cum
364 2245 485 2307 Poenos
510 2247 540 2306 in
560 2247 665 2307 Africa
685 2248 839 2320 tunderet,
865 2247 906 2306 ad
932 2251 1071 2306 senatum

99 2329 224 2404 scripsit
239 2329 459 2390 mercenarium
473 2347 562 2392 suum
578 2329 764 2392 discessisse
775 2339 806 2392 et
816 2329 854 2390 ab
867 2346 904 2401 qo
916 2330 1071 2389 desertum

99 2427 172 2473 esse
193 2429 261 2486 rue,
284 2414 368 2490 quod
383 2413 504 2474 senatui
520 2414 641 2488 publice
655 2414 767 2486 curari,
788 2415 859 2473 dum
874 2414 999 2473 abesset
1011 2414 1071 2472 Re·

98 2499 205 2572 galus,
228 2497 355 2572 placuit:
379 2495 472 2558 luitne
486 2497 560 2557 tanti
574 2503 697 2558 servum
712 2513 772 2558 non
788 2497 916 2570 habere,
940 2503 973 2556 ut
987 2497 1072 2556 colo·

99 2597 158 2642 nus
183 2580 250 2642 eius
274 2581 408 2656 populus
432 2581 589 2642 Romanus
616 2587 721 2641 esset?
755 2578 908 2655 Scipionis
932 2579 1014 2658 filiae
1031 2591 1100 2646 exa

98 2661 218 2724 aerario
230 2665 332 2725 dotem
344 2672 542 2740 accepemnt,
559 2661 631 2739 quia
640 2663 713 2724 nihil
726 2662 785 2723 illis
797 2661 963 2738 reliquerat
975 2669 1070 2736 pater.

98 2763 232 2822 aequum
259 2747 449 2808 mehercules
474 2743 539 2808 erat
566 2748 714 2823 populum
736 2747 906 2822 Romanum
930 2745 1071 2807 tributum

99 2829 238 2906 Scipioni
259 2833 354 2892 semel
375 2831 529 2905 conferre,
552 2845 620 2892 cum
641 2829 855 2914 acarthagine
870 2845 993 2904 semper
1007 2828 1071 2887 exi-

98 2921 192 2989 geret.
229 2912 253 2974 O
269 2915 375 2976 l'elices
390 2915 473 2976 viros
484 2915 667 2990 puellarum,
690 2913 801 2989 quibus
813 2914 948 2990 populus
958 2913 1071 2973 Roma·
1169 2946 1171 2955 ,

98 3015 157 3058 nus
178 2999 249 3060 loco
270 2997 372 3060 soceri
394 2997 462 3060 tuitt
494 2997 687 3067 beatioresne
710 2998 787 3058 istos
806 3006 911 3073 putas,
940 3009 1071 3070 quorum

97 3083 305 3157 pantomimae
324 3080 429 3142 decies
451 3082 591 3144 sestertio
613 3082 744 3154 nubunt,
771 3097 862 3156 quam
883 3079 1069 3155 Scipionem,

97 3165 186 3225 cuius
201 3163 289 3226 liberi
303 3181 322 3226 a
338 3175 462 3240 senatu,
483 3173 581 3227 tutore
596 3182 669 3238 suo,
687 3164 719 3226 in
735 3165 837 3225 dotem
848 3179 903 3224 aes
913 3177 1008 3238 grave
1020 3177 1070 3222 ac·

95 3256 266 3323 ceperunt?
300 3249 488 3326 Dedignatur
513 3249 623 3324 aliquis
649 3254 873 3324 paupertatem,
901 3245 987 3306 cuius
1009 3253 1099 3320 tamq

94 3331 199 3392 clarae
213 3333 360 3408 imagines
374 3339 466 3395 suntt
485 3333 658 3408 indignatur
668 3333 739 3392 exul
749 3329 865 3406 aliquid
876 3329 935 3390 sibi
942 3331 1069 3398 deesse,

98 3429 168 3475 cum
183 3415 313 3476 deluerit
329 3414 465 3492 Scipioni
477 3418 550 3491 dos,
564 3417 682 3491 Regulo
693 3414 914 3486 mercenarius,
928 3410 1068 3471 Menenio

98 3499 207 3576 lanus,
235 3513 305 3560 cum
326 3501 467 3562 omnibus
488 3499 549 3561 illis
570 3499 655 3576 quod
675 3499 795 3572 deerat,
817 3497 888 3557 ideo
910 3493 1071 3555 honestius
