2554 3888
201 215 266 280 2³4
394 214 428 274 L.
449 213 597 274 ANNAEI
619 211 794 274 SENECAE
815 211 917 272 DlaL.
932 211 983 274 xl.

202 369 279 428 haec
302 367 452 428 adversus
475 365 610 441 priuatas
631 366 740 426 domos
761 366 853 426 ullam
876 367 1059 441 aequitatem
1081 382 1179 428 nosse
1258 363 1259 414 ῗ

203 459 256 511 aut
275 452 374 512 ullam
388 450 585 522 modestiam,
610 450 697 531 cuius
713 449 905 524 inplacabilis
921 439 1049 510 saevitia
1062 451 1177 510 totiens

171 535 273 610 sipsa
287 533 454 594 funestavit
467 532 660 608 pruvinarlar
686 534 848 594 Faciamus
862 533 934 594 licet
947 533 989 594 illi
1005 533 1177 594 convicium

203 635 265 679 non
288 624 395 679 nostro
415 625 530 678 tantum
550 633 619 688 ore,
642 617 699 676 sed
723 616 813 676 etiam
834 616 973 691 publico,
995 625 1178 678 nontamen

203 701 376 766 mutabitur.
405 702 556 762 adversus
576 703 674 760 omnis
690 717 725 761 se
739 715 848 776 preces
863 701 1026 776 omnisque
1041 716 1177 761 ceremo-

203 789 271 847 nias
288 786 392 861 eriget.
421 785 481 844 hoc
495 785 550 845 luit
564 785 594 844 in
608 785 703 844 rebus
717 783 858 845 humanis
873 785 1010 858 ionuna,
1029 783 1091 845 hoc
1106 785 1177 844 erit:

203 870 279 931 nihil
298 870 440 929 inausum
455 867 513 927 sibi
527 869 664 944 reliquit,
685 868 758 928 nihil
772 867 916 928 intactum
929 869 1090 942 relinquet.
1124 868 1178 928 ibit

203 953 366 1012 violentior
386 967 441 1027 per
462 953 575 1024 omnia,
600 952 791 1014 sicut'solita
810 959 858 1012 est
874 967 1012 1027 semper,
1030 968 1084 1012 eas
1101 969 1177 1028 quo·

203 1051 264 1111 que
276 1036 385 1097 domos
398 1052 473 1094 ausa
484 1035 610 1096 iniuriae
623 1052 718 1096 causa
727 1036 848 1108 intrare,
864 1037 895 1094 in
908 1051 985 1111 quas
997 1051 1054 1110 per
1066 1036 1178 1112 templa
1258 1051 1259 1054 ¹

173 1121 318 1194 naditur,
330 1119 611 1180 etatramlaureatis
620 1119 735 1180 loribus
743 1118 1007 1180 induercvestem=
1031 1119 1099 1196 [ab]
1116 1120 1176 1180 hoc

202 1219 296 1265 unum
317 1203 507 1264 obtineamus
529 1203 567 1262 ab
587 1204 638 1262 illa
661 1203 740 1265 votis
761 1219 797 1262 ac
818 1203 962 1278 precibus
977 1203 1124 1278 publicis,
1151 1203 1176 1262 si
1258 1207 1259 1268 3

203 1288 340 1349 nondum
360 1286 403 1346 illi
424 1303 521 1361 genus
542 1287 704 1347 humanum
726 1287 841 1362 placuit
855 1301 1052 1360 consumere,
1073 1287 1100 1346 si
1115 1288 1177 1348 Ro·
1258 1289 1259 1304 ¹

202 1389 325 1432 manum
346 1371 446 1431 adhuc
466 1386 576 1431 nomen
599 1371 732 1446 propitia
749 1370 889 1446 respicit,
911 1371 992 1431 hunc
1007 1371 1177 1445 principem

202 1456 294 1516 lassis
316 1455 471 1514 hominum
491 1453 584 1514 rebus
600 1455 717 1528 datum,
738 1455 818 1514 sicul
833 1454 974 1514 omnibus
988 1454 1175 1527 mortalibus,

203 1539 259 1598 sibi
277 1555 349 1598 esse
365 1545 517 1598 sacratum
534 1536 615 1597 velit.
646 1539 745 1598 discat
759 1538 796 1598 ab
811 1537 863 1598 illo
879 1538 1068 1598 clementiam
1082 1543 1176 1612 atque
1258 1607 1259 1610 Ἴ

204 1623 248 1682 sit
257 1619 415 1682 mitissimo
432 1621 563 1681 omnium
580 1622 750 1697 principum
765 1621 854 1682 mitis.
1258 1617 1259 1620 ’

174 1725 190 1774 l
264 1705 357 1765 XVll.
378 1705 503 1765 Debes
523 1703 653 1780 itaque
669 1705 895 1765 eusintueri
911 1720 1056 1779 omneS,
1079 1721 1176 1779 quos

203 1790 319 1864 paulo
341 1795 428 1848 ante
448 1789 580 1861 retuli,
609 1795 660 1848 aut
681 1789 817 1849 adscitos
839 1788 926 1848 coelo
942 1796 994 1848 aut
1008 1789 1176 1862 proximos,

201 1880 234 1932 et
248 1873 328 1932 terre
342 1887 443 1948 aequo
458 1873 558 1933 animo
572 1873 720 1932 loctunam
736 1873 776 1932 ad
790 1880 820 1932 te
832 1887 957 1946 quoque
973 1871 1176 1946 porrigentem

202 1973 326 2030 manuS,
352 1971 482 2030 quesne
499 1956 537 2014 ab
557 1956 602 2015 eis
617 1955 753 2030 quidem,
770 1971 826 2030 per
840 1971 918 2030 quos
933 1955 1083 2029 iuramuS,
1107 1955 1176 2016 abs·
1258 1993 1259 2002 κ

202 2040 287 2101 tinet.
317 2040 420 2099 Debes
443 2040 561 2099 illorum
583 2039 692 2099 imitari
710 2039 881 2099 firmitatem
895 2039 925 2096 in
940 2039 1133 2114 perferendis
1149 2045 1177 2098 et

204 2122 381 2182 evincendis
405 2122 579 2194 doloribus,
603 2125 632 2184 in
655 2130 800 2198 quantum
822 2122 914 2182 modo
936 2122 1052 2181 homini
1066 2123 1115 2182 las
1131 2129 1177 2182 cst
1258 2163 1259 2172 ,

172 2220 259 2281 aper
273 2205 376 2264 divina
390 2205 435 2264 ire
451 2206 587 2278 vestigia.
615 2207 754 2281 quamvis
769 2207 799 2265 in
813 2205 881 2265 aliis
896 2205 989 2266 rebus
1005 2207 1065 2265 sint
1080 2207 1176 2281 digni-
1258 2281 1259 2286 ἵ

205 2289 308 2350 tatium
323 2304 359 2354 ac
374 2287 570 2356 nobilitatium
585 2305 696 2364 magna
710 2288 899 2363 discrimina,
920 2289 1017 2350 virtus
1031 2290 1062 2348 in
1075 2291 1177 2349 medio
1258 2301 1259 2374 l

202 2373 305 2447 posita
319 2377 376 2431 ost.
400 2372 550 2432 nemiuem
565 2373 754 2448 dedignatur,
771 2373 823 2448 qui
837 2374 930 2434 modo
944 2373 1067 2448 dignum
1080 2373 1178 2432 scilla
1258 2437 1259 2448 ,

202 2455 331 2516 iudicat:
354 2456 467 2531 optime
487 2463 570 2516 certe
589 2457 658 2517 illos
673 2457 853 2529 imitaberis,
876 2457 928 2532 qni
943 2471 1012 2517 cum
1025 2456 1177 2530 indignari
1258 2473 1259 2488 ¹

203 2547 335 2616 possent
349 2557 410 2602 non
426 2555 497 2602 esse
508 2538 595 2615 ipsos
608 2547 748 2601 exsortes
760 2539 851 2600 huius
861 2542 947 2614 mali,
962 2548 1062 2600 tamen
1074 2539 1105 2600 in
1117 2540 1179 2598 hoc

202 2641 264 2686 uno
286 2640 321 2684 se
341 2625 450 2686 ceteris
471 2625 637 2698 exaequari
657 2623 846 2695 bominibus,
867 2639 927 2683 non
945 2625 1099 2697 iniuriam,
1120 2624 1178 2682 sed
1258 2679 1259 2684 ,

203 2709 251 2769 ius
267 2709 454 2768 mortalitatis
469 2707 680 2770 iudicaverunt
690 2708 885 2782 tuleruntque
895 2707 1054 2768 neonimis
1065 2707 1178 2766 acerbe

204 2799 235 2850 et
255 2806 380 2866 aspere,
414 2791 496 2865 quod
517 2790 685 2864 acciderat,
717 2805 775 2850 neo
794 2791 922 2851 molliter
941 2799 971 2852 et
993 2789 1178 2850 effeminate.

204 2891 274 2934 nam
289 2882 393 2934 elnon
409 2874 522 2934 sentire
536 2875 616 2933 mala
630 2889 688 2934 sua
702 2890 762 2934 non
777 2879 824 2932 est
837 2873 968 2934 hominis
979 2880 1010 2934 et
1020 2890 1081 2934 non
1096 2875 1177 2932 lerre
1258 2905 1259 2908 =

99 2961 102 2966 '
171 2965 265 3019 3non
282 2966 329 3018 est
346 2958 410 3016 viri.
445 2958 511 3018 Non
527 2973 655 3030 possum
669 2963 785 3030 tamen,
801 2971 869 3016 oum
884 2973 990 3018 omnes
1005 2957 1178 3016 circuierim

205 3041 368 3115 Caesares,
386 3042 497 3116 quibus
509 3041 630 3100 fortuna
642 3041 749 3102 iratres
761 3057 948 3116 sororesque
960 3041 1079 3115 eripuit,
1095 3039 1178 3099 bunc
1258 3055 1259 3072 ²

204 3125 370 3200 praeterire
382 3139 421 3184 ex
432 3123 684 3185 omniCaesarum
696 3139 822 3186 numero
834 3125 1071 3200 excerpendum,
1086 3138 1179 3198 quem
1258 3121 1259 3152 ³

203 3223 305 3266 rerum
326 3215 433 3270 natura
452 3207 482 3267 in
498 3207 620 3268 exitium
637 3207 899 3282 opprobriumque
912 3208 1035 3268 humani
1053 3205 1178 3282 generis

205 3289 313 3364 edidit,
338 3305 432 3366 aquo
447 3291 605 3365 imperium
621 3305 762 3351 eversum
777 3297 869 3368 atque
882 3293 1024 3352 adustum
1039 3289 1179 3351 funditus

171 3371 351 3447 aprincipls
371 3373 521 3432 mitissimi
540 3381 658 3434 recreat
678 3375 845 3434 clementia.
882 3375 912 3434 C.
928 3376 1043 3436 Caesar
1061 3372 1180 3433 amissa

18 3453 20 3540 l
205 3471 312 3516 sorore
336 3455 483 3530 Drusilla,
512 3456 538 3514 is
559 3455 667 3531 homo,
693 3459 825 3532 quinon
846 3459 944 3532 magis
964 3459 1069 3518 dolere
1083 3471 1181 3532 quam

18 3541 21 3615 Ι
