2546 3890
176 230 240 308 aba
365 231 399 296 a.
418 229 568 298 nunant
586 225 762 296 senecae
782 185 961 292 nram.

178 385 352 460 suppletum
372 382 427 454 sit,
455 380 527 456 qma
552 380 711 447 dolueratl
741 378 797 457 llis
819 395 895 454 ergo
915 378 1074 443 advocatis
1091 395 1158 440 non
1271 391 1272 402 ³

177 473 292 528 mnium
307 473 370 532 tuta
383 472 445 540 est,
465 465 523 530 sed
535 463 625 528 etiarn
637 464 774 539 gradosa
788 469 965 538 paupertas.

148 563 165 616 1
239 549 316 610 Xlll.
345 549 538 624 Responderi
553 554 670 622 poleam
696 545 1049 621 „paridartll'rcloseism
1062 545 1155 608 didu-

179 633 238 708 cis,
264 649 365 709 quae
394 633 551 708 singula
575 631 765 696 sustineri
787 629 976 706 possunt,
1005 629 1160 691 collata
1271 691 1272 696 ,

177 734 252 780 non
275 723 467 792 possuntt
499 713 764 783 conmutatiolooi
777 714 943 778 tolerabilis
958 721 1019 785 cst,
1044 713 1070 773 si
1088 719 1157 774 tare
1271 713 1272 720 ’

178 810 241 862 turn
256 803 356 864 locum
371 807 479 866 nrutes.
502 805 668 874 paupertas
682 798 849 864 tolerabilis
864 804 925 870 est,
947 798 973 860 sl
988 795 1157 872 ignominia

148 886 273 958 aabsit,
297 899 377 959 quae
392 883 439 944 vel
451 884 519 944 sola
531 883 706 964 opprimere
715 883 834 946 mimos
847 883 961 944 solatl‘¹
991 881 1157 958 Adversum

179 969 260 1032 bunc
272 967 412 1042 quisquis
424 983 472 1031 me
483 967 632 1033 maurum
643 966 732 1032 turba
743 963 1056 1038 terrebit,bisvaubis
1066 973 1155 1026 uteo·
1271 991 1272 1042 3

180 1051 252 1118 dum
266 1051 337 1116 erite
361 1049 399 1114 Si
417 1057 553 1115 eontra
569 1049 898 1126 unamquamlibet
911 1055 1058 1124 partem
1075 1049 1157 1108 lor·
1271 1047 1272 1132 l

179 1142 296 1196 tunae
323 1134 422 1198 satis
449 1133 521 1195 tibi
546 1135 704 1198 roboris
734 1139 809 1204 est,
838 1133 940 1196 idam
958 1133 1156 1193 adversus

181 1219 303 1278 omnis
325 1217 408 1278 erit.
443 1233 512 1282 curn
535 1219 630 1284 semel
651 1217 895 1280 ammonuimus
908 1216 1076 1290 induravit,
1097 1233 1156 1276 un-

150 1350 154 1360 .
181 1303 273 1378 dique
293 1303 541 1370 involnerabilem
557 1309 707 1380 praestat:
729 1301 758 1365 si
771 1298 897 1364 avaritia
911 1299 1038 1372 dimisit,
1060 1299 1157 1360 vehe-

180 1384 369 1449 mentissima
388 1383 510 1459 generis
528 1383 653 1450 humani
674 1385 786 1462 pestis,
814 1392 937 1462 meram.
952 1383 1002 1446 tibi
1028 1383 1156 1444 ambitio
1271 1443 1272 1450 ,

180 1486 242 1534 non
257 1470 355 1530 laniet.
378 1467 405 1528 si
419 1469 554 1534 ultimum
567 1468 647 1528 diem
657 1484 719 1532 non
732 1467 821 1544 quast
832 1484 979 1544 poenam,
994 1469 1050 1528 sed
1064 1470 1158 1543 quasi
1271 1465 1272 1470 ’

181 1561 308 1613 naturae
327 1553 425 1626 legem
442 1551 595 1626 adspicis,
617 1568 657 1612 ex
672 1567 733 1628 quc
748 1558 1000 1630 pecteremalurn
1014 1549 1156 1622 sinceris,

151 1637 212 1699 din
226 1637 258 1696 id
273 1633 384 1696 nullius
398 1635 443 1694 rei
454 1636 543 1696 timor
554 1636 679 1718 audebit
688 1636 810 1699 intrare.
832 1633 991 1710 sicagitas
998 1633 1157 1698 libidinem

181 1736 243 1782 non
264 1719 429 1793 voluptatis
446 1717 668 1787 causabamini
683 1720 799 1792 datam,
822 1719 881 1780 sed
893 1717 1084 1794 propagandi
1099 1733 1157 1791 ge-

181 1804 279 1877 neris,
295 1818 462 1883 quemnon
474 1801 634 1879 violaverit
643 1801 702 1866 hoo
713 1811 865 1870 secretum
875 1808 906 1868 et
916 1799 1043 1870 infinum
1054 1801 1156 1862 visce-
1271 1861 1272 1864 ,

180 1887 266 1954 ribus
286 1886 364 1962 ipsis
384 1885 523 1961 exitium,
544 1887 644 1950 omnis
664 1886 722 1954 alio
738 1884 890 1960 cupiditas
905 1885 1049 1949 intactum
1063 1899 1156 1959 prac-

180 1971 290 2038 teribit.
326 1971 394 2030 Non
416 1971 536 2044 singula
557 1968 628 2038 vitia
646 1968 739 2040 ratio,
762 1969 819 2036 sed
841 1967 953 2042 pariter
967 1968 1067 2033 omnia
1082 1983 1157 2042 pro-

151 2053 303 2115 lsternitz
319 2053 361 2118 in
370 2054 659 2124 universumsemel
669 2053 805 2122 vincitur.
837 2051 1006 2126 Ignominia
1019 2058 1052 2112 tu
1064 2059 1157 2126 putas

183 2152 365 2212 quemquam
383 2137 551 2210 sapientem
566 2137 681 2206 moveri
696 2151 806 2210 posse,
828 2137 879 2210 qul
896 2135 997 2196 omnia
1011 2135 1040 2194 in
1056 2150 1092 2194 se
1105 2151 1155 2196 re

183 2219 299 2294 posuit,
328 2217 382 2293 qui
402 2219 440 2278 ab
461 2219 662 2294 opinionibus
677 2221 758 2294 volgi
783 2218 939 2286 secessim
968 2220 1039 2292 plus
1063 2218 1156 2278 etiam

183 2319 274 2378 quam
295 2302 462 2375 ignominia
483 2309 531 2370 est
550 2319 633 2372 mors
647 2301 866 2377 ignominiosae
894 2300 1038 2367 Socrates
1052 2307 1162 2367 tanen

182 2387 293 2447 eodem
311 2385 363 2446 illo
387 2387 484 2459 voltu,
507 2403 572 2460 quo
588 2385 871 2464 trigintatynannos
885 2386 972 2456 solas
987 2386 1157 2460 aliquando

168 2471 212 2530 ‘in
229 2469 365 2542 ordinem
387 2471 561 2544 redegerat,
583 2485 735 2540 carcerem
750 2469 870 2530 intravit
883 2468 1078 2550 ignominiam
1093 2468 1156 2541 ipsi

182 2555 252 2620 loeo
274 2553 475 2626 detracturus,
513 2553 713 2628 nequeenim
737 2559 855 2628 poterat
875 2568 981 2620 carcer
1005 2551 1100 2612 videri
1123 2551 1155 2618 in

153 2647 246 2712 aquo
263 2636 407 2698 Socrates
424 2644 497 2706 erat.
532 2636 606 2710 Quis
620 2651 720 2712 usque
735 2637 827 2704 eoad
839 2631 1089 2711 conspiciendam
1101 2649 1154 2692 ve-

182 2721 300 2790 ritatem
321 2727 504 2787 exaaeealus
525 2727 592 2793 est,
609 2727 642 2780 ut
663 2719 863 2795 ignominiam¹
873 2725 960 2794 putet
974 2719 1014 2787 M·
1031 2717 1159 2784 catenis,
1271 2781 1272 2786 γ

159 2855 162 2860 .
183 2805 281 2876 luisse
301 2805 453 2880 duplicem
473 2803 503 2862 in
526 2803 670 2878 petitione
690 2811 852 2878 praeturae
871 2811 901 2870 et
915 2801 1092 2872 consulatus
1106 2816 1155 2860 re·
1271 2843 1272 2878 3

184 2889 323 2962 pulsanti
351 2887 515 2962 ignominia
529 2888 579 2948 illu
595 2894 753 2962 praeturae
768 2894 798 2947 et
812 2889 990 2955 consulatus
1001 2884 1070 2956 luit,
1088 2883 1155 2958 qni·
1271 2913 1272 2954 ᾗ

152 2972 240 3032 obus
256 2988 295 3036 ex
311 2971 424 3038 Catone
437 2970 536 3034 bonor
549 2971 724 3043 habebatur.
759 2969 854 3040 Nemo
866 2971 905 3032 ab
916 2971 976 3038 alto
989 2969 1155 3036 contemnt-
1271 2975 1272 3014 l

182 3063 245 3127 tur,
266 3056 365 3116 nisia
386 3071 421 3117 se
438 3062 508 3114 ante
523 3060 714 3129 contemptus
729 3060 786 3124 est.
818 3053 943 3124 humilis,
954 3061 984 3118 et
997 3049 1156 3128 proiectus

183 3138 301 3198 animus
319 3139 358 3198 sit
378 3137 427 3198 isti
442 3137 642 3210 contumeliae
658 3145 865 3213 opportunum
888 3138 940 3212 dui
955 3151 1029 3204 vero
1044 3134 1155 3200 advor-
1271 3169 1272 3174 κ

183 3235 239 3290 sns
260 3221 460 3296 saevissimos
476 3238 568 3292 caspe
583 3238 618 3280 se
634 3223 749 3283 extollit
764 3228 793 3282 et
809 3238 849 3289 ea
859 3223 953 3296 mala,
976 3219 1088 3294 quibus
1102 3217 1162 3283 alil

160 3367 162 3371 ,
183 3303 538 3377 opprimentem-evertit,
554 3303 638 3379 ipsas
650 3301 787 3369 miserias
799 3301 1155 3372 turdarumlocolrebet

184 3385 307 3458 quando
329 3387 370 3444 ita
390 3387 499 3446 adlecti
520 3405 642 3461 sumus,
665 3395 697 3450 ut
717 3389 787 3456 nibil
803 3404 906 3462 aeque
916 3403 1056 3462 magnam
1070 3384 1165 3459 apud.

168 3483 241 3526 .nos
265 3467 494 3536 admirationem
516 3480 664 3545 occupet,
689 3488 779 3545 quarn
799 3471 1029 3534 homo‘lortiler
1049 3469 1185 3532 misero
