2554 3888
281 248 354 340 fun
369 245 589 310 nnuunrnnn
603 247 732 307 vnnn.
755 257 797 310 n.
816 256 857 310 ra.
1009 249 1074 312 soa
1105 220 1107 225 ’

95 403 141 462 Ne
157 399 227 462 illos
244 400 367 477 quidem
382 398 460 460 inter
475 397 593 460 otiosos
608 400 824 471 numeraveris,
839 402 890 475 qui
905 401 981 464 sella
997 418 1032 462 se
1044 411 1103 467 etti

94 485 205 545 lectica
226 485 286 546 huc
306 490 337 544 et
351 483 422 544 illuc
445 485 545 543 lerunt
561 491 592 542 et
604 483 643 544 ad
662 484 923 558 gestationum
938 502 1072 562 suarum,

98 569 191 644 quasi
214 569 358 628 deserere
377 568 444 627 illas
463 583 525 626 non
544 567 648 640 liccat,
671 567 763 627 horas
782 576 956 629 occurrunt.
993 587 1073 644 quos

96 653 223 728 qnando
238 651 490 726 lavaridebeant,
510 651 634 726 quando
647 658 770 725 natare,
794 652 917 726 quando
931 668 1069 728 coenare,

94 737 175 798 alius
193 737 351 806 admonet,
372 743 402 794 et
416 751 516 809 nsque
531 749 568 793 eo
584 735 676 794 nimio
688 735 809 794 delicati
820 734 912 795 animi
923 737 1071 811 languore

98 816 276 892 solvuntur,
292 826 325 878 ut
342 834 397 892 per
413 834 448 881 se
458 819 542 878 scire
558 834 618 878 non
635 819 770 893 possint,
785 835 824 878 un
839 819 983 881 esuriant.
1005 822 1067 880 Au·
1086 824 1103 880 7

8 893 9 918 ’
94 905 148 962 dio
171 903 333 978 quemdam
354 917 395 960 ex
416 901 569 974 delicatiS,
595 903 620 961 si
646 902 738 962 modo
764 902 891 964 deliciae
911 905 1072 964 vocandae

94 995 168 1048 sunt
178 988 271 1046 vitam
283 993 313 1046 et
324 986 575 1046 consuetudinem
586 985 748 1046 humanam
760 987 936 1060 dediscere,
952 1003 1020 1048 curn
1033 1003 1072 1046 ex

95 1071 206 1131 balneo
222 1071 420 1132 intermunus
435 1070 534 1129 elatus
546 1077 576 1128 et
586 1071 616 1128 in
628 1070 704 1128 sella
716 1070 834 1144 positus
846 1077 938 1144 essct,
954 1069 1072 1132 dixisse
1086 1109 1089 1114 -

94 1153 325 1228 interrogando:
355 1155 440 1226 „iam
461 1153 606 1212 εεᾱεοιιι
638 1154 726 1228 Hunc
746 1161 779 1212 tu
800 1154 1004 1229 ignorantem,
1032 1172 1070 1214 au

94 1239 219 1311 sedeat,
244 1244 333 1312 putas
356 1236 436 1296 scire
457 1252 494 1296 an
510 1237 608 1309 vivat,
631 1236 800 1310 arrideat,
823 1253 861 1296 an
877 1239 996 1299 otiosus
1012 1238 1073 1298 sitl

96 1338 158 1382 non
174 1321 264 1382 laeile
279 1321 421 1393 dixerim,
437 1328 536 1380 utrum
550 1321 647 1393 magis
662 1321 816 1392 miserear,
837 1321 863 1380 si
878 1321 938 1382 hoc
951 1322 1071 1396 ignora·

96 1405 152 1480 vit,
183 1422 222 1466 un
243 1404 272 1465 si
290 1405 431 1479 ignorare
453 1420 488 1464 se
511 1402 606 1463 hnxit.
642 1403 803 1464 Multarum
826 1405 948 1478 quidem
969 1410 1104 1465 rerumll

94 1487 281 1550 oblivionem
297 1487 443 1562 sentiunt,
458 1488 515 1550 scd
526 1489 685 1547 multarum
698 1493 727 1546 et
738 1487 899 1548 imitantur.
920 1489 1071 1564 quaedam

95 1572 168 1633 vitia
188 1573 275 1646 illos,
299 1572 393 1648 quasi
409 1572 560 1631 felicitatis
575 1577 767 1646 argumenta,
788 1571 950 1632 delectant.
980 1573 1070 1632 nimis

95 1655 218 1716 humilis
239 1663 268 1716 el
289 1654 456 1730 contempti
475 1655 607 1715 hominis
628 1656 749 1715 videtur
771 1655 850 1714 scire
872 1656 943 1730 quid
965 1656 1070 1716 iaciat:

94 1740 102 1798 i
119 1755 201 1800 nunc
215 1747 245 1800 et
256 1736 366 1800 mimos
376 1739 470 1800 multa
480 1738 599 1799 mentiri
611 1739 649 1798 ad
662 1739 906 1814 exprobrandam
920 1739 1071 1800 luxuriam

95 1831 178 1896 puta.
202 1825 290 1898 plura
305 1822 494 1883 mehercules
508 1831 702 1898 praetereunt
717 1839 808 1897 quam
822 1822 939 1896 lingunt
950 1830 980 1882 ct
990 1831 1072 1884 tanta

94 1906 316 1968 incredibilium
340 1907 480 1968 vitiorum
503 1907 594 1981 copia
615 1906 775 1980 ingenioso
791 1905 820 1964 in
837 1905 897 1966 hoc
911 1922 1006 1967 unum
1022 1922 1071 1966 se·

94 1993 165 2051 culo
182 1989 342 2066 processit,
358 1997 392 2054 ut
406 1990 466 2050 iam
481 1991 642 2051 mimorum
656 2005 785 2064 arguere
799 1990 956 2064 possimus
968 1992 1070 2066 negle-

94 2075 237 2148 gentiam.
270 2089 341 2136 esse
361 2076 509 2150 aliquem,
537 2073 589 2149 qui
609 2089 710 2150 usque
730 2089 768 2134 eo
783 2073 901 2134 deliciis
916 2073 1071 2149 interierit,
1153 2152 1155 2154 Ι

93 2165 126 2218 ut
140 2174 179 2218 an
196 2159 303 2218 sedeat
314 2159 398 2218 alteri
411 2158 536 2223 credaut
554 2157 620 2217 Non
633 2165 681 2219 est
692 2173 765 2234 ergo
778 2156 828 2218 hic
840 2159 968 2220 otiosus.
989 2158 1071 2222 aliud
1085 2165 1103 2220 9

94 2257 204 2302 nomeu
220 2243 367 2317 inponas:
387 2257 481 2316 aeger
495 2248 557 2318 est,
576 2242 667 2302 immo
682 2249 819 2304 mortuus
834 2249 890 2302 est.
925 2244 978 2303 Ille
994 2244 1070 2304 otio·

94 2343 150 2385 sus
165 2333 222 2397 est,
238 2326 287 2396 cui
303 2325 355 2386 otii
370 2327 418 2387 sui
433 2333 463 2385 et
477 2339 590 2388 sensus
605 2334 667 2386 est:
682 2326 731 2386 hic
746 2342 819 2385 vero
832 2327 1008 2401 semivivus
1021 2328 1071 2388 cui

93 2408 131 2468 ad
145 2408 381 2485 ⁴intellegendos
407 2411 547 2484 corporis
574 2411 622 2469 sui
647 2409 768 2470 habitus
790 2408 891 2470 indice
912 2427 992 2485 opus
1013 2418 1070 2471 est.

94 2493 253 2567 quomodo
266 2501 368 2569 potest
383 2493 432 2553 hic
446 2494 538 2553 ullius
554 2493 701 2567 temporis
717 2491 861 2552 dominus
877 2499 971 2553 esset
1029 2515 1034 2522 ·

155 2577 232 2638 XllI.
258 2577 404 2652 Persequi
431 2578 570 2652 singulos
590 2577 713 2650 longum
729 2583 791 2649 est,
812 2592 941 2650 quorum
955 2582 1007 2636 aut
1021 2578 1103 2642 lea-1

92 2659 1069 2736 trunculiautpilaautexcoquendiinsolecorpo·
1139 2655 1145 2663 '

93 2745 146 2804 ris
169 2758 262 2804 cura
277 2760 499 2820 consumpsere
514 2745 615 2804 vitum.
643 2744 708 2803 Non
725 2751 796 2802 sunt
810 2742 916 2816 otiosi,
940 2759 1070 2818 quornm

92 2829 268 2902 voluptates
293 2830 419 2890 multum
444 2829 556 2903 negotii
582 2827 704 2890 habent.
736 2827 812 2886 Nam
838 2827 876 2888 de
897 2825 956 2886 illis
979 2843 1069 2888 nemo

92 2911 250 2986 dubitabit,
265 2914 338 2988 quin
354 2927 488 2988 operose
500 2913 573 2972 nihil
584 2919 684 2986 agant,
698 2911 761 2986 qui
776 2911 976 2972 literarum
990 2911 1026 2969 in
1036 2928 1069 2970 u-

91 2994 219 3056 tilium
235 2995 380 3058 studiis
396 2996 629 3069 detinentur,
647 3010 725 3070 quae
739 2994 798 3054 iam
815 2995 897 3069 apud
912 2995 1069 3054 Romanos

93 3095 220 3154 quoque
243 3095 355 3155 magna
374 3095 484 3140 manus
507 3087 564 3147 est.
599 3079 784 3139 Graecorum
799 3080 857 3138 iste
871 3075 1105 3159 morbnsluitx

92 3177 258 3237 quaerere,
294 3179 384 3240 quem
415 3159 574 3225 numerum
598 3163 704 3224 Ulixes
729 3163 876 3238 remigum
901 3161 1070 3222 habuisset.

93 3245 178 3320 prior
191 3248 314 3322 scripta
335 3253 420 3308 essct
433 3248 504 3308 Ilias
525 3263 563 3306 au
580 3245 731 3324 Odyssea.
759 3253 921 3320 praeterea
934 3262 973 3306 an
988 3245 1070 3306 eius·

92 3331 161 3392 dem
179 3338 263 3392 esset
276 3333 420 3393 auctoris.
442 3331 502 3392 alia
516 3329 665 3406 deinceps
680 3329 771 3390 huius
787 3337 893 3404 notae,
910 3345 988 3404 quae
1003 3329 1071 3389 sive

92 3416 267 3490 contineas,
288 3415 363 3476 nihil
376 3416 497 3476 taciturn
512 3412 731 3476 conscientiam
746 3415 865 3489 iuvant,
887 3414 953 3474 sive
967 3413 1040 3488 prol
1058 3443 1070 3452 ·

92 3514 157 3572 ras,
180 3515 242 3558 non
258 3499 378 3560 doctior
391 3499 541 3574 videaris,
557 3498 614 3560 sed
628 3499 795 3561 molestior.
816 3498 897 3560 Ecce
911 3498 1103 3557 Romanostl

133 3603 235 3641 sennen
250 3602 319 3641 ruit.
335 3587 355 3642 l.
870 3589 905 3642 14
