<?xml version="1.0" encoding="UTF-8"?>
<!DOCTYPE html PUBLIC "-//W3C//DTD XHTML 1.0 Transitional//EN"
    "http://www.w3.org/TR/xhtml1/DTD/xhtml1-transitional.dtd">
<html xmlns="http://www.w3.org/1999/xhtml" xml:lang="en" lang="en">
 <head>
  <title>
</title>
<meta http-equiv="Content-Type" content="text/html;charset=utf-8" />
  <meta name='ocr-system' content='tesseract 3.04.00' />
  <meta name='ocr-capabilities' content='ocr_page ocr_carea ocr_par ocr_line ocrx_word'/>
</head>
<body>
  <div class='ocr_page' id='page_1' title='image "./operaquaesupers00senegoog_0033.png"; bbox 0 0 2522 3906; ppageno 0'>
   <div class='ocr_carea' id='block_1_1' title="bbox 176 177 1077 251">
    <p class='ocr_par' dir='ltr' id='par_1_1' title="bbox 176 177 1077 251">
     <span class='ocr_line' id='line_1_1' title="bbox 176 177 1077 251; baseline -0.012 0"><span class='ocrx_word' id='word_1_1' title='bbox 176 188 218 251; x_wconf 75' lang='lat'>20</span> <span class='ocrx_word' id='word_1_2' title='bbox 269 187 371 248; x_wconf 86' lang='lat' dir='ltr'><strong>DIAL.</strong></span> <span class='ocrx_word' id='word_1_3' title='bbox 389 187 425 243; x_wconf 92' lang='grc'>11.</span> <span class='ocrx_word' id='word_1_4' title='bbox 447 185 500 244; x_wconf 84' lang='grc' dir='ltr'>ΑΙ)</span> <span class='ocrx_word' id='word_1_5' title='bbox 517 177 704 244; x_wconf 81' lang='lat' dir='ltr'>SERENUM</span> <span class='ocrx_word' id='word_1_6' title='bbox 716 181 792 242; x_wconf 85' lang='lat' dir='ltr'>NEC</span> <span class='ocrx_word' id='word_1_7' title='bbox 806 180 988 242; x_wconf 79' lang='lat' dir='ltr'>tNlURlaM</span> <span class='ocrx_word' id='word_1_8' title='bbox 1002 180 1077 240; x_wconf 84' lang='lat' dir='ltr'>NEC</span> 
     </span>
    </p>
   </div>
   <div class='ocr_carea' id='block_1_2' title="bbox 154 335 1173 1918">
    <p class='ocr_par' dir='ltr' id='par_1_2' title="bbox 177 335 1171 750">
     <span class='ocr_line' id='line_1_2' title="bbox 179 335 1167 411; baseline -0.005 -10"><span class='ocrx_word' id='word_1_9' title='bbox 179 345 371 402; x_wconf 82' lang='lat' dir='ltr'>conservant.</span> <span class='ocrx_word' id='word_1_10' title='bbox 396 337 652 411; x_wconf 83' lang='lat' dir='ltr'>quemadmodum</span> <span class='ocrx_word' id='word_1_11' title='bbox 665 336 792 409; x_wconf 87' lang='lat' dir='ltr'>proiecti</span> <span class='ocrx_word' id='word_1_12' title='bbox 805 335 930 410; x_wconf 88' lang='lat' dir='ltr'>quidam</span> <span class='ocrx_word' id='word_1_13' title='bbox 945 335 975 392; x_wconf 95' lang='lat' dir='ltr'>in</span> <span class='ocrx_word' id='word_1_14' title='bbox 988 335 1081 394; x_wconf 86' lang='lat' dir='ltr'>altum</span> <span class='ocrx_word' id='word_1_15' title='bbox 1093 350 1167 396; x_wconf 91' lang='lat' dir='ltr'>sco—</span> 
     </span>
     <span class='ocr_line' id='line_1_3' title="bbox 178 417 1166 500; baseline -0.007 -16"><span class='ocrx_word' id='word_1_16' title='bbox 178 423 244 500; x_wconf 89' lang='lat' dir='ltr'>puli</span> <span class='ocrx_word' id='word_1_17' title='bbox 258 439 341 482; x_wconf 88' lang='lat' dir='ltr'>mare</span> <span class='ocrx_word' id='word_1_18' title='bbox 356 423 499 494; x_wconf 82' lang='lat' dir='ltr'>frangunt</span> <span class='ocrx_word' id='word_1_19' title='bbox 514 436 571 479; x_wconf 89' lang='lat' dir='ltr'>nec</span> <span class='ocrx_word' id='word_1_20' title='bbox 587 419 647 494; x_wconf 89' lang='lat' dir='ltr'>ipsi</span> <span class='ocrx_word' id='word_1_21' title='bbox 661 421 723 478; x_wconf 90' lang='lat' dir='ltr'>ulla</span> <span class='ocrx_word' id='word_1_22' title='bbox 738 418 885 478; x_wconf 88' lang='lat' dir='ltr'>saevitiae</span> <span class='ocrx_word' id='word_1_23' title='bbox 898 417 1026 492; x_wconf 82' lang='lat' dir='ltr'>vestigia</span> <span class='ocrx_word' id='word_1_24' title='bbox 1040 425 1085 478; x_wconf 86' lang='lat' dir='ltr'>tot</span> <span class='ocrx_word' id='word_1_25' title='bbox 1095 434 1166 477; x_wconf 90' lang='lat' dir='ltr'>ver-</span> 
     </span>
     <span class='ocr_line' id='line_1_4' title="bbox 177 501 1171 576; baseline -0.006 -8"><span class='ocrx_word' id='word_1_26' title='bbox 177 507 275 568; x_wconf 89' lang='lat' dir='ltr'>berati</span> <span class='ocrx_word' id='word_1_27' title='bbox 296 506 409 564; x_wconf 91' lang='lat' dir='ltr'>seculis</span> <span class='ocrx_word' id='word_1_28' title='bbox 431 510 600 564; x_wconf 84' lang='lat' dir='ltr'>ostentant:</span> <span class='ocrx_word' id='word_1_29' title='bbox 622 505 663 562; x_wconf 84' lang='lat' dir='ltr'>ila</span> <span class='ocrx_word' id='word_1_30' title='bbox 684 501 832 576; x_wconf 90' lang='lat' dir='ltr'>sapientis</span> <span class='ocrx_word' id='word_1_31' title='bbox 848 503 967 562; x_wconf 88' lang='lat' dir='ltr'>animus</span> <span class='ocrx_word' id='word_1_32' title='bbox 983 501 1100 562; x_wconf 90' lang='lat' dir='ltr'>solidus</span> <span class='ocrx_word' id='word_1_33' title='bbox 1118 511 1171 562; x_wconf 87' lang='lat' dir='ltr'>est</span> 
     </span>
     <span class='ocr_line' id='line_1_5' title="bbox 179 585 1170 662; baseline -0.005 -12"><span class='ocrx_word' id='word_1_34' title='bbox 179 599 210 651; x_wconf 90' lang='lat' dir='ltr'>et</span> <span class='ocrx_word' id='word_1_35' title='bbox 223 591 255 650; x_wconf 90' lang='lat' dir='ltr'>id</span> <span class='ocrx_word' id='word_1_36' title='bbox 268 590 389 649; x_wconf 86' lang='lat' dir='ltr'>roboris</span> <span class='ocrx_word' id='word_1_37' title='bbox 406 587 533 662; x_wconf 82' lang='lat' dir='ltr'>colligit,</span> <span class='ocrx_word' id='word_1_38' title='bbox 550 595 583 646; x_wconf 90' lang='lat' dir='ltr'>ut</span> <span class='ocrx_word' id='word_1_39' title='bbox 596 594 657 646; x_wconf 92' lang='lat' dir='ltr'>tam</span> <span class='ocrx_word' id='word_1_40' title='bbox 671 593 752 646; x_wconf 90' lang='lat' dir='ltr'>tutus</span> <span class='ocrx_word' id='word_1_41' title='bbox 769 585 808 645; x_wconf 87' lang='lat' dir='ltr'>sit</span> <span class='ocrx_word' id='word_1_42' title='bbox 823 585 861 644; x_wconf 91' lang='lat' dir='ltr'>ab</span> <span class='ocrx_word' id='word_1_43' title='bbox 877 585 985 645; x_wconf 88' lang='lat' dir='ltr'>iniuria</span> <span class='ocrx_word' id='word_1_44' title='bbox 1004 601 1097 660; x_wconf 90' lang='lat' dir='ltr'>quam</span> <span class='ocrx_word' id='word_1_45' title='bbox 1113 585 1170 645; x_wconf 87' lang='lat' dir='ltr'>illa</span> 
     </span>
     <span class='ocr_line' id='line_1_6' title="bbox 182 669 899 750; baseline -0.008 -15"><span class='ocrx_word' id='word_1_46' title='bbox 182 691 262 750; x_wconf 87' lang='lat' dir='ltr'>quae</span> <span class='ocrx_word' id='word_1_47' title='bbox 276 673 375 733; x_wconf 89' lang='lat' dir='ltr'>retuli.</span> <span class='ocrx_word' id='word_1_48' title='bbox 577 669 578 674; x_wconf 72' lang='grc'>’</span> <span class='ocrx_word' id='word_1_49' title='bbox 897 676 899 679; x_wconf 83' lang='grc'><strong>’</strong></span> 
     </span>
    </p>

    <p class='ocr_par' dir='ltr' id='par_1_3' title="bbox 158 753 1172 1416">
     <span class='ocr_line' id='line_1_7' title="bbox 158 753 1170 829; baseline -0.004 -13"><span class='ocrx_word' id='word_1_50' title='bbox 158 765 169 816; x_wconf 85' lang='grc' dir='ltr'>ι</span> <span class='ocrx_word' id='word_1_51' title='bbox 244 759 296 816; x_wconf 89' lang='lat' dir='ltr'>IV.</span> <span class='ocrx_word' id='word_1_52' title='bbox 325 757 402 829; x_wconf 80' lang='lat' dir='ltr'>Quid</span> <span class='ocrx_word' id='word_1_53' title='bbox 423 762 517 829; x_wconf 66' lang='lat' dir='ltr'>ergo?</span> <span class='ocrx_word' id='word_1_54' title='bbox 542 770 604 813; x_wconf 92' lang='lat' dir='ltr'>non</span> <span class='ocrx_word' id='word_1_55' title='bbox 625 753 682 813; x_wconf 89' lang='lat' dir='ltr'>erit</span> <span class='ocrx_word' id='word_1_56' title='bbox 703 753 814 828; x_wconf 90' lang='lat' dir='ltr'>aliquis</span> <span class='ocrx_word' id='word_1_57' title='bbox 837 753 889 827; x_wconf 90' lang='lat' dir='ltr'>qui</span> <span class='ocrx_word' id='word_1_58' title='bbox 910 753 1041 826; x_wconf 89' lang='lat' dir='ltr'>sapienti</span> <span class='ocrx_word' id='word_1_59' title='bbox 1061 753 1170 812; x_wconf 89' lang='lat' dir='ltr'>lacere</span> 
     </span>
     <span class='ocr_line' id='line_1_8' title="bbox 180 837 1170 914; baseline -0.005 -13"><span class='ocrx_word' id='word_1_60' title='bbox 180 847 306 914; x_wconf 80' lang='lat' dir='ltr'>temptet</span> <span class='ocrx_word' id='word_1_61' title='bbox 326 839 487 898; x_wconf 63' lang='lat' dir='ltr'>iniuriam?</span> <span class='ocrx_word' id='word_1_62' title='bbox 511 837 683 912; x_wconf 83' lang='lat' dir='ltr'>temptabit,</span> <span class='ocrx_word' id='word_1_63' title='bbox 707 838 770 913; x_wconf 35' lang='lat' dir='ltr'>,sed</span> <span class='ocrx_word' id='word_1_64' title='bbox 795 853 856 896; x_wconf 92' lang='lat' dir='ltr'>non</span> <span class='ocrx_word' id='word_1_65' title='bbox 884 843 1097 910; x_wconf 87' lang='lat' dir='ltr'>perventuram</span> <span class='ocrx_word' id='word_1_66' title='bbox 1126 839 1170 896; x_wconf 87' lang='lat' dir='ltr'>ad</span> 
     </span>
     <span class='ocr_line' id='line_1_9' title="bbox 181 921 1169 984; baseline -0.003 0"><span class='ocrx_word' id='word_1_67' title='bbox 181 941 259 984; x_wconf 89' lang='lat' dir='ltr'>eum.</span> <span class='ocrx_word' id='word_1_68' title='bbox 280 922 396 982; x_wconf 89' lang='lat' dir='ltr'>maiore</span> <span class='ocrx_word' id='word_1_69' title='bbox 416 921 496 981; x_wconf 90' lang='lat' dir='ltr'>enim</span> <span class='ocrx_word' id='word_1_70' title='bbox 511 921 669 980; x_wconf 89' lang='lat' dir='ltr'>intervallo</span> <span class='ocrx_word' id='word_1_71' title='bbox 686 937 705 980; x_wconf 88' lang='lat' dir='ltr'>a</span> <span class='ocrx_word' id='word_1_72' title='bbox 719 928 861 980; x_wconf 84' lang='lat' dir='ltr'>contactu</span> <span class='ocrx_word' id='word_1_73' title='bbox 875 921 1052 980; x_wconf 86' lang='lat' dir='ltr'>inferiorum</span> <span class='ocrx_word' id='word_1_74' title='bbox 1068 921 1169 981; x_wconf 90' lang='lat' dir='ltr'>abdu-</span> 
     </span>
     <span class='ocr_line' id='line_1_10' title="bbox 168 1003 1170 1081; baseline -0.003 -14"><span class='ocrx_word' id='word_1_75' title='bbox 168 1018 248 1067; x_wconf 82' lang='lat' dir='ltr'>¹etus</span> <span class='ocrx_word' id='word_1_76' title='bbox 264 1013 325 1080; x_wconf 88' lang='lat' dir='ltr'>est,</span> <span class='ocrx_word' id='word_1_77' title='bbox 343 1022 434 1081; x_wconf 85' lang='lat' dir='ltr'>quam</span> <span class='ocrx_word' id='word_1_78' title='bbox 449 1015 483 1066; x_wconf 89' lang='lat' dir='ltr'>ul</span> <span class='ocrx_word' id='word_1_79' title='bbox 497 1007 558 1066; x_wconf 87' lang='lat' dir='ltr'>ulla</span> <span class='ocrx_word' id='word_1_80' title='bbox 571 1005 616 1064; x_wconf 93' lang='lat' dir='ltr'>vis</span> <span class='ocrx_word' id='word_1_81' title='bbox 631 1005 725 1064; x_wconf 89' lang='lat' dir='ltr'>noxia</span> <span class='ocrx_word' id='word_1_82' title='bbox 737 1019 838 1079; x_wconf 87' lang='lat' dir='ltr'>usque</span> <span class='ocrx_word' id='word_1_83' title='bbox 850 1003 889 1063; x_wconf 87' lang='lat' dir='ltr'>ad</span> <span class='ocrx_word' id='word_1_84' title='bbox 904 1005 986 1062; x_wconf 89' lang='lat' dir='ltr'>illum</span> <span class='ocrx_word' id='word_1_85' title='bbox 997 1005 1079 1064; x_wconf 89' lang='lat' dir='ltr'>vires</span> <span class='ocrx_word' id='word_1_86' title='bbox 1091 1021 1170 1064; x_wconf 86' lang='lat' dir='ltr'>suas</span> 
     </span>
     <span class='ocr_line' id='line_1_11' title="bbox 181 1087 1172 1166; baseline -0.002 -16"><span class='ocrx_word' id='word_1_87' title='bbox 181 1093 322 1166; x_wconf 84' lang='lat' dir='ltr'>perierat.</span> <span class='ocrx_word' id='word_1_88' title='bbox 346 1091 436 1150; x_wconf 85' lang='lat' dir='ltr'>etiam</span> <span class='ocrx_word' id='word_1_89' title='bbox 452 1107 520 1150; x_wconf 89' lang='lat' dir='ltr'>cum</span> <span class='ocrx_word' id='word_1_90' title='bbox 535 1095 676 1164; x_wconf 88' lang='lat' dir='ltr'>potentes</span> <span class='ocrx_word' id='word_1_91' title='bbox 694 1096 725 1148; x_wconf 86' lang='lat' dir='ltr'>et</span> <span class='ocrx_word' id='word_1_92' title='bbox 738 1087 866 1163; x_wconf 89' lang='lat' dir='ltr'>imperio</span> <span class='ocrx_word' id='word_1_93' title='bbox 880 1088 952 1147; x_wconf 89' lang='lat' dir='ltr'>editi</span> <span class='ocrx_word' id='word_1_94' title='bbox 967 1095 996 1148; x_wconf 91' lang='lat' dir='ltr'>et</span> <span class='ocrx_word' id='word_1_95' title='bbox 1010 1103 1172 1148; x_wconf 88' lang='lat' dir='ltr'>consensu</span> 
     </span>
     <span class='ocr_line' id='line_1_12' title="bbox 181 1171 1169 1246; baseline -0.004 -12"><span class='ocrx_word' id='word_1_96' title='bbox 181 1174 377 1234; x_wconf 87' lang='lat' dir='ltr'>servientium</span> <span class='ocrx_word' id='word_1_97' title='bbox 391 1173 484 1234; x_wconf 88' lang='lat' dir='ltr'>validi</span> <span class='ocrx_word' id='word_1_98' title='bbox 499 1189 611 1234; x_wconf 85' lang='lat' dir='ltr'>nocere</span> <span class='ocrx_word' id='word_1_99' title='bbox 626 1172 797 1245; x_wconf 87' lang='lat' dir='ltr'>intendent,</span> <span class='ocrx_word' id='word_1_100' title='bbox 818 1181 879 1232; x_wconf 87' lang='lat' dir='ltr'>tarn</span> <span class='ocrx_word' id='word_1_101' title='bbox 895 1173 968 1232; x_wconf 86' lang='lat' dir='ltr'>citra</span> <span class='ocrx_word' id='word_1_102' title='bbox 980 1171 1169 1246; x_wconf 79' lang='lat' dir='ltr'>¹sapientiam</span> 
     </span>
     <span class='ocr_line' id='line_1_13' title="bbox 182 1257 1171 1332; baseline -0.004 -14"><span class='ocrx_word' id='word_1_103' title='bbox 182 1273 289 1319; x_wconf 89' lang='lat' dir='ltr'>omnes</span> <span class='ocrx_word' id='word_1_104' title='bbox 304 1274 410 1318; x_wconf 90' lang='lat' dir='ltr'>eorum</span> <span class='ocrx_word' id='word_1_105' title='bbox 425 1259 545 1332; x_wconf 88' lang='lat' dir='ltr'>inpetus</span> <span class='ocrx_word' id='word_1_106' title='bbox 561 1257 711 1332; x_wconf 88' lang='lat' dir='ltr'>deficient,</span> <span class='ocrx_word' id='word_1_107' title='bbox 728 1272 820 1332; x_wconf 90' lang='lat' dir='ltr'>quarn</span> <span class='ocrx_word' id='word_1_108' title='bbox 836 1273 915 1332; x_wconf 88' lang='lat' dir='ltr'>quae</span> <span class='ocrx_word' id='word_1_109' title='bbox 927 1271 1022 1316; x_wconf 86' lang='lat' dir='ltr'>nervo</span> <span class='ocrx_word' id='word_1_110' title='bbox 1034 1263 1171 1316; x_wconf 86' lang='lat' dir='ltr'>tormen-</span> 
     </span>
     <span class='ocr_line' id='line_1_14' title="bbox 182 1339 1169 1416; baseline -0.005 -14"><span class='ocrx_word' id='word_1_111' title='bbox 182 1341 262 1402; x_wconf 81' lang='lat' dir='ltr'>t1sve</span> <span class='ocrx_word' id='word_1_112' title='bbox 281 1343 312 1400; x_wconf 95' lang='lat' dir='ltr'>in</span> <span class='ocrx_word' id='word_1_113' title='bbox 334 1344 427 1402; x_wconf 88' lang='lat' dir='ltr'>altum</span> <span class='ocrx_word' id='word_1_114' title='bbox 442 1341 667 1416; x_wconf 87' lang='lat' dir='ltr'>exprimuntur,</span> <span class='ocrx_word' id='word_1_115' title='bbox 691 1357 759 1400; x_wconf 90' lang='lat' dir='ltr'>curn</span> <span class='ocrx_word' id='word_1_116' title='bbox 774 1348 860 1400; x_wconf 85' lang='lat' dir='ltr'>extra</span> <span class='ocrx_word' id='word_1_117' title='bbox 874 1342 971 1400; x_wconf 90' lang='lat' dir='ltr'>visum</span> <span class='ocrx_word' id='word_1_118' title='bbox 989 1339 1169 1412; x_wconf 87' lang='lat' dir='ltr'>exsilierint,</span> 
     </span>
    </p>

    <p class='ocr_par' dir='ltr' id='par_1_4' title="bbox 154 1423 1173 1918">
     <span class='ocr_line' id='line_1_15' title="bbox 154 1423 1172 1500; baseline -0.005 -14"><span class='ocrx_word' id='word_1_119' title='bbox 154 1427 257 1486; x_wconf 73' lang='lat' dir='ltr'>acitra</span> <span class='ocrx_word' id='word_1_120' title='bbox 271 1428 390 1486; x_wconf 89' lang='lat' dir='ltr'>coelum</span> <span class='ocrx_word' id='word_1_121' title='bbox 406 1435 506 1486; x_wconf 90' lang='lat' dir='ltr'>tamen</span> <span class='ocrx_word' id='word_1_122' title='bbox 522 1425 695 1484; x_wconf 86' lang='lat' dir='ltr'>flectuntur.</span> <span class='ocrx_word' id='word_1_123' title='bbox 724 1423 824 1496; x_wconf 76' lang='lat' dir='ltr'>Quina</span> <span class='ocrx_word' id='word_1_124' title='bbox 844 1433 876 1483; x_wconf 85' lang='lat' dir='ltr'>lu</span> <span class='ocrx_word' id='word_1_125' title='bbox 892 1431 982 1500; x_wconf 92' lang='lat' dir='ltr'>putas</span> <span class='ocrx_word' id='word_1_126' title='bbox 996 1430 1075 1496; x_wconf 88' lang='lat' dir='ltr'>tum,</span> <span class='ocrx_word' id='word_1_127' title='bbox 1098 1439 1172 1482; x_wconf 88' lang='lat' dir='ltr'>cum</span> 
     </span>
     <span class='ocr_line' id='line_1_16' title="bbox 183 1507 1173 1580; baseline -0.005 -10"><span class='ocrx_word' id='word_1_128' title='bbox 183 1509 313 1570; x_wconf 85' lang='lat' dir='ltr'>stolidus</span> <span class='ocrx_word' id='word_1_129' title='bbox 328 1511 378 1568; x_wconf 91' lang='lat' dir='ltr'>ille</span> <span class='ocrx_word' id='word_1_130' title='bbox 392 1525 449 1567; x_wconf 86' lang='lat' dir='ltr'>rex</span> <span class='ocrx_word' id='word_1_131' title='bbox 463 1507 652 1568; x_wconf 89' lang='lat' dir='ltr'>multitudine</span> <span class='ocrx_word' id='word_1_132' title='bbox 667 1509 793 1568; x_wconf 88' lang='lat' dir='ltr'>telorum</span> <span class='ocrx_word' id='word_1_133' title='bbox 810 1509 891 1567; x_wconf 88' lang='lat' dir='ltr'>diem</span> <span class='ocrx_word' id='word_1_134' title='bbox 905 1509 1099 1580; x_wconf 79' lang='lat' dir='ltr'>obscuraret,</span> <span class='ocrx_word' id='word_1_135' title='bbox 1123 1510 1173 1566; x_wconf 91' lang='lat' dir='ltr'>ul-</span> 
     </span>
     <span class='ocr_line' id='line_1_17' title="bbox 182 1591 1171 1669; baseline -0.003 -18"><span class='ocrx_word' id='word_1_136' title='bbox 182 1596 243 1651; x_wconf 90' lang='lat' dir='ltr'>lam</span> <span class='ocrx_word' id='word_1_137' title='bbox 264 1593 410 1669; x_wconf 75' lang='lat' dir='ltr'>sagittam·</span> <span class='ocrx_word' id='word_1_138' title='bbox 426 1593 454 1650; x_wconf 92' lang='lat' dir='ltr'>in</span> <span class='ocrx_word' id='word_1_139' title='bbox 471 1593 568 1650; x_wconf 90' lang='lat' dir='ltr'>solem</span> <span class='ocrx_word' id='word_1_140' title='bbox 589 1592 758 1651; x_wconf 76' lang='lat' dir='ltr'>incidissel</span> <span class='ocrx_word' id='word_1_141' title='bbox 777 1600 828 1651; x_wconf 87' lang='lat' dir='ltr'>aut</span> <span class='ocrx_word' id='word_1_142' title='bbox 843 1591 980 1652; x_wconf 89' lang='lat' dir='ltr'>dimissis</span> <span class='ocrx_word' id='word_1_143' title='bbox 995 1593 1026 1651; x_wconf 88' lang='lat' dir='ltr'>in</span> <span class='ocrx_word' id='word_1_144' title='bbox 1041 1592 1171 1667; x_wconf 92' lang='lat' dir='ltr'>prolun-</span> 
     </span>
     <span class='ocr_line' id='line_1_18' title="bbox 184 1675 1168 1752; baseline -0.002 -18"><span class='ocrx_word' id='word_1_145' title='bbox 184 1677 256 1734; x_wconf 91' lang='lat' dir='ltr'>dum</span> <span class='ocrx_word' id='word_1_146' title='bbox 271 1675 386 1734; x_wconf 90' lang='lat' dir='ltr'>catenis</span> <span class='ocrx_word' id='word_1_147' title='bbox 397 1675 568 1752; x_wconf 88' lang='lat' dir='ltr'>Neptunum</span> <span class='ocrx_word' id='word_1_148' title='bbox 580 1675 720 1750; x_wconf 91' lang='lat' dir='ltr'>potuisse</span> <span class='ocrx_word' id='word_1_149' title='bbox 733 1677 888 1750; x_wconf 65' lang='lat' dir='ltr'>contingi?</span> <span class='ocrx_word' id='word_1_150' title='bbox 901 1676 941 1736; x_wconf 87' lang='lat' dir='ltr'>Ul</span> <span class='ocrx_word' id='word_1_151' title='bbox 953 1677 1098 1736; x_wconf 87' lang='lat' dir='ltr'>coelestia</span> <span class='ocrx_word' id='word_1_152' title='bbox 1112 1675 1168 1733; x_wconf 42' lang='lat' dir='ltr'>hu*</span> 
     </span>
     <span class='ocr_line' id='line_1_19' title="bbox 185 1758 1173 1835; baseline 0 -17"><span class='ocrx_word' id='word_1_153' title='bbox 185 1775 292 1818; x_wconf 87' lang='lat' dir='ltr'>manas</span> <span class='ocrx_word' id='word_1_154' title='bbox 314 1775 422 1818; x_wconf 91' lang='lat' dir='ltr'>manus</span> <span class='ocrx_word' id='word_1_155' title='bbox 444 1758 593 1833; x_wconf 81' lang='lat' dir='ltr'>effugiunt</span> <span class='ocrx_word' id='word_1_156' title='bbox 613 1767 643 1820; x_wconf 87' lang='lat' dir='ltr'>et</span> <span class='ocrx_word' id='word_1_157' title='bbox 663 1760 702 1819; x_wconf 92' lang='lat' dir='ltr'>ab</span> <span class='ocrx_word' id='word_1_158' title='bbox 724 1759 772 1818; x_wconf 91' lang='lat' dir='ltr'>his</span> <span class='ocrx_word' id='word_1_159' title='bbox 796 1761 848 1834; x_wconf 91' lang='lat' dir='ltr'>qui</span> <span class='ocrx_word' id='word_1_160' title='bbox 868 1762 981 1835; x_wconf 87' lang='lat' dir='ltr'>templa</span> <span class='ocrx_word' id='word_1_161' title='bbox 997 1761 1118 1819; x_wconf 90' lang='lat' dir='ltr'>diruunt</span> <span class='ocrx_word' id='word_1_162' title='bbox 1133 1776 1173 1818; x_wconf 85' lang='lat' dir='ltr'>ac</span> 
     </span>
     <span class='ocr_line' id='line_1_20' title="bbox 186 1842 1172 1918; baseline 0 -16"><span class='ocrx_word' id='word_1_163' title='bbox 186 1842 348 1902; x_wconf 90' lang='lat' dir='ltr'>simulacra</span> <span class='ocrx_word' id='word_1_164' title='bbox 369 1842 519 1917; x_wconf 88' lang='lat' dir='ltr'>conllant,</span> <span class='ocrx_word' id='word_1_165' title='bbox 540 1844 612 1904; x_wconf 91' lang='lat' dir='ltr'>nihil</span> <span class='ocrx_word' id='word_1_166' title='bbox 633 1843 779 1904; x_wconf 87' lang='lat' dir='ltr'>divinitati</span> <span class='ocrx_word' id='word_1_167' title='bbox 802 1851 943 1916; x_wconf 90' lang='lat' dir='ltr'>nocetur,</span> <span class='ocrx_word' id='word_1_168' title='bbox 966 1845 1007 1904; x_wconf 87' lang='lat' dir='ltr'>ita</span> <span class='ocrx_word' id='word_1_169' title='bbox 1022 1842 1172 1918; x_wconf 88' lang='lat' dir='ltr'>quiequid</span> 
     </span>
    </p>
   </div>
   <div class='ocr_carea' id='block_1_3' title="bbox 104 1925 1173 2170">
    <p class='ocr_par' dir='ltr' id='par_1_5' title="bbox 104 1925 1173 2170">
     <span class='ocr_line' id='line_1_21' title="bbox 185 1925 1162 2003; baseline -0.001 -17"><span class='ocrx_word' id='word_1_170' title='bbox 185 1928 219 1986; x_wconf 87' lang='lat' dir='ltr'>fil</span> <span class='ocrx_word' id='word_1_171' title='bbox 245 1925 274 1984; x_wconf 93' lang='lat' dir='ltr'>in</span> <span class='ocrx_word' id='word_1_172' title='bbox 303 1929 472 2002; x_wconf 88' lang='lat' dir='ltr'>sapientem</span> <span class='ocrx_word' id='word_1_173' title='bbox 495 1935 650 2002; x_wconf 86' lang='lat' dir='ltr'>proterve,</span> <span class='ocrx_word' id='word_1_174' title='bbox 679 1930 863 2003; x_wconf 87' lang='lat' dir='ltr'>petulanter,</span> <span class='ocrx_word' id='word_1_175' title='bbox 887 1928 1035 2002; x_wconf 89' lang='lat' dir='ltr'>superbe,</span> <span class='ocrx_word' id='word_1_176' title='bbox 1057 1929 1162 1997; x_wconf 81' lang='lat' dir='ltr'>frustr,</span> 
     </span>
     <span class='ocr_line' id='line_1_22' title="bbox 104 2013 1171 2086; baseline -0.007 -11"><span class='ocrx_word' id='word_1_177' title='bbox 104 2071 106 2075; x_wconf 87' lang='lat'>.</span> <span class='ocrx_word' id='word_1_178' title='bbox 155 2014 357 2084; x_wconf 78' lang='lat' dir='ltr'>atemptatur.</span> <span class='ocrx_word' id='word_1_179' title='bbox 387 2013 453 2084; x_wconf 85' lang='lat' dir='ltr'>„Al</span> <span class='ocrx_word' id='word_1_180' title='bbox 473 2013 569 2072; x_wconf 87' lang='lat' dir='ltr'>salius</span> <span class='ocrx_word' id='word_1_181' title='bbox 591 2018 656 2071; x_wconf 89' lang='lat' dir='ltr'>erat</span> <span class='ocrx_word' id='word_1_182' title='bbox 669 2014 820 2072; x_wconf 90' lang='lat' dir='ltr'>neminem</span> <span class='ocrx_word' id='word_1_183' title='bbox 835 2027 907 2072; x_wconf 89' lang='lat' dir='ltr'>esse</span> <span class='ocrx_word' id='word_1_184' title='bbox 923 2013 974 2086; x_wconf 92' lang='lat' dir='ltr'>qui</span> <span class='ocrx_word' id='word_1_185' title='bbox 990 2013 1091 2069; x_wconf 88' lang='lat' dir='ltr'>lacere</span> <span class='ocrx_word' id='word_1_186' title='bbox 1106 2013 1171 2069; x_wconf 87' lang='lat' dir='ltr'>vel-</span> 
     </span>
     <span class='ocr_line' id='line_1_23' title="bbox 185 2094 1173 2170; baseline 0 -18"><span class='ocrx_word' id='word_1_187' title='bbox 185 2096 256 2154; x_wconf 88' lang='lat' dir='ltr'>lel.“</span> <span class='ocrx_word' id='word_1_188' title='bbox 282 2095 359 2154; x_wconf 91' lang='lat' dir='ltr'>Rem</span> <span class='ocrx_word' id='word_1_189' title='bbox 380 2095 534 2153; x_wconf 84' lang='lat' dir='ltr'>difficilem</span> <span class='ocrx_word' id='word_1_190' title='bbox 557 2104 645 2170; x_wconf 89' lang='lat' dir='ltr'>optas</span> <span class='ocrx_word' id='word_1_191' title='bbox 667 2097 799 2156; x_wconf 90' lang='lat' dir='ltr'>humano</span> <span class='ocrx_word' id='word_1_192' title='bbox 815 2097 933 2169; x_wconf 79' lang='lat' dir='ltr'>generi,</span> <span class='ocrx_word' id='word_1_193' title='bbox 955 2094 1173 2155; x_wconf 86' lang='lat' dir='ltr'>innocentiam.</span> 
     </span>
    </p>
   </div>
   <div class='ocr_carea' id='block_1_4' title="bbox 158 2179 1178 3511">
    <p class='ocr_par' dir='ltr' id='par_1_6' title="bbox 186 2179 1174 2573">
     <span class='ocr_line' id='line_1_24' title="bbox 186 2179 1173 2254; baseline -0.002 -16"><span class='ocrx_word' id='word_1_194' title='bbox 186 2185 216 2238; x_wconf 90' lang='lat' dir='ltr'>et</span> <span class='ocrx_word' id='word_1_195' title='bbox 229 2195 292 2238; x_wconf 92' lang='lat' dir='ltr'>non</span> <span class='ocrx_word' id='word_1_196' title='bbox 307 2179 372 2236; x_wconf 84' lang='lat' dir='ltr'>fieri</span> <span class='ocrx_word' id='word_1_197' title='bbox 388 2194 494 2237; x_wconf 91' lang='lat' dir='ltr'>eorum</span> <span class='ocrx_word' id='word_1_198' title='bbox 508 2179 649 2252; x_wconf 86' lang='lat' dir='ltr'>interest,</span> <span class='ocrx_word' id='word_1_199' title='bbox 667 2181 717 2254; x_wconf 91' lang='lat' dir='ltr'>qui</span> <span class='ocrx_word' id='word_1_200' title='bbox 732 2180 838 2239; x_wconf 88' lang='lat' dir='ltr'>laeturi</span> <span class='ocrx_word' id='word_1_201' title='bbox 854 2185 933 2250; x_wconf 88' lang='lat' dir='ltr'>sunt,</span> <span class='ocrx_word' id='word_1_202' title='bbox 949 2193 1011 2238; x_wconf 92' lang='lat' dir='ltr'>non</span> <span class='ocrx_word' id='word_1_203' title='bbox 1027 2179 1102 2252; x_wconf 78' lang='lat' dir='ltr'>einS,</span> <span class='ocrx_word' id='word_1_204' title='bbox 1118 2180 1173 2252; x_wconf 87' lang='lat' dir='ltr'>qui</span> 
     </span>
     <span class='ocr_line' id='line_1_25' title="bbox 186 2261 1173 2337; baseline 0.003 -18"><span class='ocrx_word' id='word_1_205' title='bbox 186 2262 249 2336; x_wconf 88' lang='lat' dir='ltr'>pali</span> <span class='ocrx_word' id='word_1_206' title='bbox 263 2278 302 2320; x_wconf 92' lang='lat' dir='ltr'>ne</span> <span class='ocrx_word' id='word_1_207' title='bbox 318 2263 343 2320; x_wconf 90' lang='lat' dir='ltr'>si</span> <span class='ocrx_word' id='word_1_208' title='bbox 358 2261 411 2321; x_wconf 86' lang='lat' dir='ltr'>frat</span> <span class='ocrx_word' id='word_1_209' title='bbox 426 2261 549 2336; x_wconf 85' lang='lat' dir='ltr'>quidem</span> <span class='ocrx_word' id='word_1_210' title='bbox 563 2270 675 2337; x_wconf 88' lang='lat' dir='ltr'>potest.</span> <span class='ocrx_word' id='word_1_211' title='bbox 697 2265 787 2322; x_wconf 92' lang='lat' dir='ltr'>immo</span> <span class='ocrx_word' id='word_1_212' title='bbox 800 2264 905 2323; x_wconf 91' lang='lat' dir='ltr'>nescio</span> <span class='ocrx_word' id='word_1_213' title='bbox 921 2280 959 2321; x_wconf 91' lang='lat' dir='ltr'>an</span> <span class='ocrx_word' id='word_1_214' title='bbox 975 2263 1071 2336; x_wconf 81' lang='lat' dir='ltr'>magis</span> <span class='ocrx_word' id='word_1_215' title='bbox 1089 2263 1173 2322; x_wconf 89' lang='lat' dir='ltr'>vires</span> 
     </span>
     <span class='ocr_line' id='line_1_26' title="bbox 187 2345 1174 2420; baseline 0.002 -16"><span class='ocrx_word' id='word_1_216' title='bbox 187 2345 337 2418; x_wconf 87' lang='lat' dir='ltr'>sapientia</span> <span class='ocrx_word' id='word_1_217' title='bbox 359 2347 500 2404; x_wconf 84' lang='lat' dir='ltr'>ostendat</span> <span class='ocrx_word' id='word_1_218' title='bbox 521 2345 746 2420; x_wconf 86' lang='lat' dir='ltr'>tranquillitatis</span> <span class='ocrx_word' id='word_1_219' title='bbox 771 2349 847 2405; x_wconf 88' lang='lat' dir='ltr'>inter</span> <span class='ocrx_word' id='word_1_220' title='bbox 867 2347 1066 2420; x_wconf 80' lang='lat' dir='ltr'>lacessentia,</span> <span class='ocrx_word' id='word_1_221' title='bbox 1092 2347 1174 2406; x_wconf 90' lang='lat' dir='ltr'>sicul</span> 
     </span>
     <span class='ocr_line' id='line_1_27' title="bbox 186 2429 1174 2504; baseline 0.004 -18"><span class='ocrx_word' id='word_1_222' title='bbox 186 2429 349 2488; x_wconf 87' lang='lat' dir='ltr'>maximum</span> <span class='ocrx_word' id='word_1_223' title='bbox 365 2437 576 2502; x_wconf 83' lang='lat' dir='ltr'>argumentum</span> <span class='ocrx_word' id='word_1_224' title='bbox 589 2438 637 2489; x_wconf 90' lang='lat' dir='ltr'>est</span> <span class='ocrx_word' id='word_1_225' title='bbox 647 2429 839 2503; x_wconf 90' lang='lat' dir='ltr'>imperatoris</span> <span class='ocrx_word' id='word_1_226' title='bbox 852 2431 943 2489; x_wconf 88' lang='lat' dir='ltr'>armis</span> <span class='ocrx_word' id='word_1_227' title='bbox 955 2429 1092 2504; x_wconf 90' lang='lat' dir='ltr'>virisque</span> <span class='ocrx_word' id='word_1_228' title='bbox 1103 2433 1174 2504; x_wconf 91' lang='lat' dir='ltr'>pol-</span> 
     </span>
     <span class='ocr_line' id='line_1_28' title="bbox 186 2511 814 2573; baseline 0.002 -3"><span class='ocrx_word' id='word_1_229' title='bbox 186 2511 274 2571; x_wconf 86' lang='lat' dir='ltr'>lentis</span> <span class='ocrx_word' id='word_1_230' title='bbox 289 2519 353 2572; x_wconf 87' lang='lat' dir='ltr'>tuta</span> <span class='ocrx_word' id='word_1_231' title='bbox 368 2513 516 2573; x_wconf 80' lang='lat' dir='ltr'>securitas</span> <span class='ocrx_word' id='word_1_232' title='bbox 532 2515 561 2572; x_wconf 96' lang='lat' dir='ltr'>in</span> <span class='ocrx_word' id='word_1_233' title='bbox 577 2515 709 2572; x_wconf 90' lang='lat' dir='ltr'>hostium</span> <span class='ocrx_word' id='word_1_234' title='bbox 724 2521 814 2573; x_wconf 87' lang='lat' dir='ltr'>terra.</span> 
     </span>
    </p>

    <p class='ocr_par' dir='ltr' id='par_1_7' title="bbox 158 2595 1178 3175">
     <span class='ocr_line' id='line_1_29' title="bbox 158 2595 1174 2670; baseline 0.003 -16"><span class='ocrx_word' id='word_1_235' title='bbox 158 2605 173 2654; x_wconf 88' lang='lat'>1</span> <span class='ocrx_word' id='word_1_236' title='bbox 203 2632 205 2636; x_wconf 94' lang='lat'>-</span> <span class='ocrx_word' id='word_1_237' title='bbox 247 2596 286 2654; x_wconf 74' lang='lat' dir='ltr'>V·</span> <span class='ocrx_word' id='word_1_238' title='bbox 310 2595 549 2670; x_wconf 90' lang='lat' dir='ltr'>Dividamus,</span> <span class='ocrx_word' id='word_1_239' title='bbox 572 2597 598 2656; x_wconf 92' lang='lat' dir='ltr'>si</span> <span class='ocrx_word' id='word_1_240' title='bbox 619 2596 673 2657; x_wconf 91' lang='lat' dir='ltr'>tibi</span> <span class='ocrx_word' id='word_1_241' title='bbox 688 2597 821 2670; x_wconf 89' lang='lat' dir='ltr'>videtur,</span> <span class='ocrx_word' id='word_1_242' title='bbox 839 2595 968 2670; x_wconf 80' lang='lat' dir='ltr'>Serene,</span> <span class='ocrx_word' id='word_1_243' title='bbox 991 2598 1174 2657; x_wconf 85' lang='lat' dir='ltr'>iniuriam</span> 
     </span>
     <span class='ocr_line' id='line_1_30' title="bbox 187 2679 1176 2755; baseline 0.001 -17"><span class='ocrx_word' id='word_1_244' title='bbox 187 2695 206 2738; x_wconf 87' lang='lat' dir='ltr'>a</span> <span class='ocrx_word' id='word_1_245' title='bbox 221 2681 471 2739; x_wconf 83' lang='lat' dir='ltr'>contumelia:</span> <span class='ocrx_word' id='word_1_246' title='bbox 487 2681 570 2755; x_wconf 90' lang='lat' dir='ltr'>prior</span> <span class='ocrx_word' id='word_1_247' title='bbox 584 2681 636 2740; x_wconf 88' lang='lat' dir='ltr'>illa</span> <span class='ocrx_word' id='word_1_248' title='bbox 650 2688 757 2741; x_wconf 87' lang='lat' dir='ltr'>natura</span> <span class='ocrx_word' id='word_1_249' title='bbox 772 2680 894 2755; x_wconf 86' lang='lat' dir='ltr'>gravior</span> <span class='ocrx_word' id='word_1_250' title='bbox 908 2688 970 2753; x_wconf 90' lang='lat' dir='ltr'>est,</span> <span class='ocrx_word' id='word_1_251' title='bbox 986 2679 1063 2740; x_wconf 89' lang='lat' dir='ltr'>haec</span> <span class='ocrx_word' id='word_1_252' title='bbox 1074 2683 1176 2741; x_wconf 89' lang='lat' dir='ltr'>levior</span> 
     </span>
     <span class='ocr_line' id='line_1_31' title="bbox 188 2763 1173 2840; baseline 0.003 -19"><span class='ocrx_word' id='word_1_253' title='bbox 188 2770 217 2822; x_wconf 88' lang='lat' dir='ltr'>et</span> <span class='ocrx_word' id='word_1_254' title='bbox 236 2769 351 2824; x_wconf 88' lang='lat' dir='ltr'>lantum</span> <span class='ocrx_word' id='word_1_255' title='bbox 373 2763 510 2824; x_wconf 83' lang='lat' dir='ltr'>delicatis</span> <span class='ocrx_word' id='word_1_256' title='bbox 532 2763 650 2838; x_wconf 79' lang='lat' dir='ltr'>gravis,</span> <span class='ocrx_word' id='word_1_257' title='bbox 675 2781 737 2840; x_wconf 90' lang='lat' dir='ltr'>qua</span> <span class='ocrx_word' id='word_1_258' title='bbox 757 2781 817 2824; x_wconf 91' lang='lat' dir='ltr'>non</span> <span class='ocrx_word' id='word_1_259' title='bbox 839 2765 1000 2824; x_wconf 88' lang='lat' dir='ltr'>laeduntur</span> <span class='ocrx_word' id='word_1_260' title='bbox 1021 2765 1173 2836; x_wconf 87' lang='lat' dir='ltr'>homines,</span> 
     </span>
     <span class='ocr_line' id='line_1_32' title="bbox 187 2846 1178 2917; baseline 0 -11"><span class='ocrx_word' id='word_1_261' title='bbox 187 2846 244 2906; x_wconf 89' lang='lat' dir='ltr'>sed</span> <span class='ocrx_word' id='word_1_262' title='bbox 259 2847 466 2908; x_wconf 84' lang='lat' dir='ltr'>offenduntur.</span> <span class='ocrx_word' id='word_1_263' title='bbox 494 2855 577 2908; x_wconf 90' lang='lat' dir='ltr'>tanta</span> <span class='ocrx_word' id='word_1_264' title='bbox 599 2857 646 2909; x_wconf 88' lang='lat' dir='ltr'>est</span> <span class='ocrx_word' id='word_1_265' title='bbox 665 2855 765 2908; x_wconf 86' lang='lat' dir='ltr'>tamen</span> <span class='ocrx_word' id='word_1_266' title='bbox 782 2849 949 2908; x_wconf 90' lang='lat' dir='ltr'>animorum</span> <span class='ocrx_word' id='word_1_267' title='bbox 965 2848 1128 2917; x_wconf 87' lang='lat' dir='ltr'>dissolutio</span> <span class='ocrx_word' id='word_1_268' title='bbox 1145 2857 1178 2907; x_wconf 83' lang='lat' dir='ltr'>et</span> 
     </span>
     <span class='ocr_line' id='line_1_33' title="bbox 186 2931 1174 3006; baseline 0.002 -18"><span class='ocrx_word' id='word_1_269' title='bbox 186 2931 320 3005; x_wconf 76' lang='lat' dir='ltr'>vanitaS,</span> <span class='ocrx_word' id='word_1_270' title='bbox 337 2939 370 2992; x_wconf 89' lang='lat' dir='ltr'>ut</span> <span class='ocrx_word' id='word_1_271' title='bbox 382 2931 505 3005; x_wconf 90' lang='lat' dir='ltr'>quidam</span> <span class='ocrx_word' id='word_1_272' title='bbox 520 2931 593 2990; x_wconf 93' lang='lat' dir='ltr'>nihil</span> <span class='ocrx_word' id='word_1_273' title='bbox 605 2932 746 2992; x_wconf 85' lang='lat' dir='ltr'>acerbius</span> <span class='ocrx_word' id='word_1_274' title='bbox 757 2939 878 3006; x_wconf 80' lang='lat' dir='ltr'>putent:</span> <span class='ocrx_word' id='word_1_275' title='bbox 895 2933 939 2992; x_wconf 89' lang='lat' dir='ltr'>sio</span> <span class='ocrx_word' id='word_1_276' title='bbox 954 2933 1092 2991; x_wconf 89' lang='lat' dir='ltr'>invenies</span> <span class='ocrx_word' id='word_1_277' title='bbox 1108 2948 1174 2991; x_wconf 88' lang='lat' dir='ltr'>ser-</span> 
     </span>
     <span class='ocr_line' id='line_1_34' title="bbox 187 3015 1177 3092; baseline 0.002 -20"><span class='ocrx_word' id='word_1_278' title='bbox 187 3031 259 3072; x_wconf 83' lang='lat' dir='ltr'>vum</span> <span class='ocrx_word' id='word_1_279' title='bbox 274 3016 326 3089; x_wconf 88' lang='lat' dir='ltr'>qui</span> <span class='ocrx_word' id='word_1_280' title='bbox 341 3015 471 3088; x_wconf 83' lang='lat' dir='ltr'>flagellis</span> <span class='ocrx_word' id='word_1_281' title='bbox 488 3033 579 3088; x_wconf 89' lang='lat' dir='ltr'>quam</span> <span class='ocrx_word' id='word_1_282' title='bbox 595 3015 732 3090; x_wconf 80' lang='lat' dir='ltr'>colaphis</span> <span class='ocrx_word' id='word_1_283' title='bbox 746 3016 832 3075; x_wconf 88' lang='lat' dir='ltr'>caedi</span> <span class='ocrx_word' id='word_1_284' title='bbox 844 3017 928 3076; x_wconf 86' lang='lat' dir='ltr'>malit</span> <span class='ocrx_word' id='word_1_285' title='bbox 938 3023 968 3076; x_wconf 88' lang='lat' dir='ltr'>et</span> <span class='ocrx_word' id='word_1_286' title='bbox 982 3017 1033 3092; x_wconf 91' lang='lat' dir='ltr'>qui</span> <span class='ocrx_word' id='word_1_287' title='bbox 1045 3023 1177 3076; x_wconf 92' lang='lat' dir='ltr'>mortem</span> 
     </span>
     <span class='ocr_line' id='line_1_35' title="bbox 189 3098 1176 3175; baseline 0.001 -19"><span class='ocrx_word' id='word_1_288' title='bbox 189 3113 224 3156; x_wconf 88' lang='lat' dir='ltr'>ac</span> <span class='ocrx_word' id='word_1_289' title='bbox 239 3099 369 3156; x_wconf 89' lang='lat' dir='ltr'>verbera</span> <span class='ocrx_word' id='word_1_290' title='bbox 388 3098 594 3158; x_wconf 86' lang='lat' dir='ltr'>tolerabiliora</span> <span class='ocrx_word' id='word_1_291' title='bbox 609 3101 713 3159; x_wconf 83' lang='lat' dir='ltr'>credat</span> <span class='ocrx_word' id='word_1_292' title='bbox 727 3117 817 3175; x_wconf 85' lang='lat' dir='ltr'>quam</span> <span class='ocrx_word' id='word_1_293' title='bbox 832 3102 1054 3161; x_wconf 89' lang='lat' dir='ltr'>contumeliosa</span> <span class='ocrx_word' id='word_1_294' title='bbox 1068 3100 1176 3160; x_wconf 84' lang='lat' dir='ltr'>verba.</span> 
     </span>
    </p>

    <p class='ocr_par' dir='ltr' id='par_1_8' title="bbox 159 3181 1175 3511">
     <span class='ocr_line' id='line_1_36' title="bbox 159 3181 1175 3257; baseline 0.003 -17"><span class='ocrx_word' id='word_1_295' title='bbox 159 3181 238 3240; x_wconf 77' lang='lat' dir='ltr'>aad</span> <span class='ocrx_word' id='word_1_296' title='bbox 257 3187 356 3240; x_wconf 87' lang='lat' dir='ltr'>tantas</span> <span class='ocrx_word' id='word_1_297' title='bbox 377 3181 508 3256; x_wconf 84' lang='lat' dir='ltr'>ineptias</span> <span class='ocrx_word' id='word_1_298' title='bbox 523 3192 703 3257; x_wconf 84' lang='lat' dir='ltr'>perventum</span> <span class='ocrx_word' id='word_1_299' title='bbox 717 3191 777 3256; x_wconf 89' lang='lat' dir='ltr'>est,</span> <span class='ocrx_word' id='word_1_300' title='bbox 800 3193 909 3244; x_wconf 86' lang='lat' dir='ltr'>utnon</span> <span class='ocrx_word' id='word_1_301' title='bbox 926 3186 1033 3245; x_wconf 91' lang='lat' dir='ltr'>dolore</span> <span class='ocrx_word' id='word_1_302' title='bbox 1047 3191 1175 3256; x_wconf 89' lang='lat' dir='ltr'>tantum,</span> 
     </span>
     <span class='ocr_line' id='line_1_37' title="bbox 189 3263 1175 3342; baseline 0.005 -19"><span class='ocrx_word' id='word_1_303' title='bbox 189 3263 247 3323; x_wconf 87' lang='lat' dir='ltr'>sed</span> <span class='ocrx_word' id='word_1_304' title='bbox 268 3264 383 3324; x_wconf 90' lang='lat' dir='ltr'>doloris</span> <span class='ocrx_word' id='word_1_305' title='bbox 406 3265 551 3339; x_wconf 90' lang='lat' dir='ltr'>opinione</span> <span class='ocrx_word' id='word_1_306' title='bbox 572 3283 732 3340; x_wconf 86' lang='lat' dir='ltr'>vexemur,</span> <span class='ocrx_word' id='word_1_307' title='bbox 754 3284 840 3328; x_wconf 92' lang='lat' dir='ltr'>more</span> <span class='ocrx_word' id='word_1_308' title='bbox 855 3285 1035 3342; x_wconf 87' lang='lat' dir='ltr'>puerorum,</span> <span class='ocrx_word' id='word_1_309' title='bbox 1059 3268 1175 3342; x_wconf 89' lang='lat' dir='ltr'>quibus</span> 
     </span>
     <span class='ocr_line' id='line_1_38' title="bbox 189 3349 1162 3426; baseline 0.007 -22"><span class='ocrx_word' id='word_1_310' title='bbox 189 3354 300 3406; x_wconf 90' lang='lat' dir='ltr'>metum</span> <span class='ocrx_word' id='word_1_311' title='bbox 322 3349 427 3408; x_wconf 89' lang='lat' dir='ltr'>incutit</span> <span class='ocrx_word' id='word_1_312' title='bbox 441 3351 549 3410; x_wconf 88' lang='lat' dir='ltr'>umbra</span> <span class='ocrx_word' id='word_1_313' title='bbox 564 3359 594 3410; x_wconf 89' lang='lat' dir='ltr'>el</span> <span class='ocrx_word' id='word_1_314' title='bbox 609 3368 809 3426; x_wconf 88' lang='lat' dir='ltr'>personarum</span> <span class='ocrx_word' id='word_1_315' title='bbox 825 3353 1003 3412; x_wconf 81' lang='lat' dir='ltr'>deformitas</span> <span class='ocrx_word' id='word_1_316' title='bbox 1019 3360 1048 3411; x_wconf 90' lang='lat' dir='ltr'>et</span> <span class='ocrx_word' id='word_1_317' title='bbox 1062 3353 1162 3426; x_wconf 85' lang='lat' dir='ltr'>depra</span> 
     </span>
     <span class='ocr_line' id='line_1_39' title="bbox 189 3431 1175 3511; baseline 0.009 -22"><span class='ocrx_word' id='word_1_318' title='bbox 189 3437 260 3492; x_wconf 84' lang='lat' dir='ltr'>vata</span> <span class='ocrx_word' id='word_1_319' title='bbox 281 3431 386 3493; x_wconf 89' lang='lat' dir='ltr'>l&#39;acies.</span> <span class='ocrx_word' id='word_1_320' title='bbox 414 3435 554 3494; x_wconf 86' lang='lat' dir='ltr'>lacrimas</span> <span class='ocrx_word' id='word_1_321' title='bbox 576 3452 649 3494; x_wconf 87' lang='lat' dir='ltr'>vero</span> <span class='ocrx_word' id='word_1_322' title='bbox 672 3445 801 3495; x_wconf 85' lang='lat' dir='ltr'>avocant</span> <span class='ocrx_word' id='word_1_323' title='bbox 821 3435 945 3495; x_wconf 86' lang='lat' dir='ltr'>nomina</span> <span class='ocrx_word' id='word_1_324' title='bbox 965 3451 1072 3511; x_wconf 87' lang='lat' dir='ltr'>parum</span> <span class='ocrx_word' id='word_1_325' title='bbox 1088 3443 1175 3509; x_wconf 81' lang='lat' dir='ltr'>grata</span> 
     </span>
    </p>
   </div>
   <div class='ocr_carea' id='block_1_5' title="bbox 0 0 1273 3906">
    <p class='ocr_par' dir='ltr' id='par_1_9' title="bbox 0 0 1273 3906">
     <span class='ocr_line' id='line_1_40' title="bbox 0 0 1273 3906; baseline 0 0"><span class='ocrx_word' id='word_1_326' title='bbox 0 0 1273 3906; x_wconf 95' lang='lat' dir='ltr'> </span> 
     </span>
    </p>
   </div>
  </div>
 </body>
</html>
