2522 3906
292 217 395 278 ntnL.
414 217 467 276 lv.
495 203 545 276 DE
566 215 635 276 IRA
655 215 728 275 LIB.
748 215 783 274 tl.
807 223 904 278 1-3.
1051 213 1093 279 55

100 379 185 434 ctus.
219 369 299 431 Iade
313 377 375 443 est,
399 369 482 446 quod
504 365 680 428 adridemus
700 367 869 430 ridentibus
891 376 922 430 et
936 371 1126 432 contristata

25 439 28 512 l
105 472 166 517 100
187 453 278 514 turba
298 453 498 513 moerentium
520 459 550 513 et
570 449 800 512 effervescimus
821 454 861 512 ad
882 452 982 514 aliena
998 461 1093 516 certa-

24 526 25 544 *
104 541 205 610 mina,
231 552 311 614 qnae
332 553 393 597 101
416 544 487 597 0011
506 535 585 609 1100,
606 551 667 596 101
684 536 781 611 magis
797 553 889 614 quam
903 537 1023 599 tristitia
1038 545 1093 613 est,

108 637 189 699 quae
210 621 249 680 ad
271 626 472 696 conspectum
492 619 604 680 mimici
619 619 767 695 naufragii
783 621 934 682 contrahit
954 625 1093 697 frontem,

21 695 25 808 i
107 723 171 768 non
185 703 285 780 magis
302 719 393 780 quam
408 703 512 776 timor,
529 703 582 779 qui
596 702 767 764 Hannibale
786 699 859 780 post
876 705 996 767 Cannas
1010 722 1093 766 moe·

20 821 21 826 1
109 789 159 850 nia
180 788 417 849 circumsidente
438 787 562 848 lectoris
583 787 733 862 percurrit
752 789 881 850 animos.
914 790 976 850 sed·
993 789 1095 850 omnia

106 875 168 936 ista
182 880 285 933 motus
301 879 372 933 sunt
386 871 554 933 animorum
569 871 686 932 moveri
698 871 863 933 volentium
876 888 933 933 nec
945 873 1093 946 adtectus,

107 959 168 1019 sed
189 953 342 1035 principia
362 955 556 1032 proludentia
574 955 756 1017 adfectibus.
789 955 841 1017 Sic
862 957 941 1016 enim
956 954 1123 1017 militarisd

107 1041 167 1103 viri
187 1042 218 1100 11
240 1033 341 1100 niedia'
361 1052 439 1116 pace
460 1039 520 1099 inm
534 1041 627 1114 togati
643 1057 733 1101 aures
751 1041 824 1101 tuba
838 1040 966 1101 suscitat
981 1056 1094 1118 equos·
1195 1055 1205 1060 ’·

106 1141 173 1204 que
185 1121 360 1185 castrenses
371 1123 459 1200 erigit
471 1124 604 1200 crepitus
616 1139 778 1185 arruornm.
793 1125 1002 1186 Alexandrum
1012 1126 1096 1186 alunt

107 1208 316 1284 Xenophanto
330 1213 457 1268 canente
472 1220 595 1268 manum
610 1209 650 1268 ad
666 1224 751 1268 011110
765 1205 898 1268 misisse.

174 1293 225 1351 ΙΙΙ.
247 1288 325 1351 lllrhil
341 1307 380 1352 ex
394 1291 458 1366 nis,
481 1307 561 1366 quae
576 1291 708 1351 animum
723 1291 845 1353 fortuito
861 1292 1025 1368 inpellunt,
1042 1293 1123 1356 adl

109 1380 211 1438 lectus
225 1376 330 1437 vocari
344 1376 449 1436 debet:
467 1376 540 1450 ista,
560 1382 594 1436 ut
607 1374 648 1434 ita
663 1377 776 1448 dicam,
793 1375 903 1451 patitur
916 1377 1014 1452 magis
1031 1376 1095 1436 ani-

110 1478 181 1522 mus
203 1477 295 1536 quam
311 1460 390 1520 lacit.
423 1475 497 1536 crgo
514 1459 653 1519 adlectus
668 1467 790 1520 estnon
806 1460 843 1518 ad
862 1459 981 1520 oblatas
995 1475 1096 1519 rerum

107 1545 237 1620 species
257 1543 388 1618 moveri,
410 1543 468 1602 sed
489 1543 662 1619 permittere
677 1559 712 1602 se
727 1543 786 1602 illis
802 1549 831 1604 et
845 1543 927 1604 hunc
943 1545 1095 1604 fortuitum

108 1637 228 1690 motum
249 1627 407 1704 prosequi.
440 1626 516 1686 llam
537 1629 564 1686 si
579 1626 649 1702 quis
664 1629 810 1703 pallorem
826 1634 856 1688 01
870 1628 1010 1688 lacrimas
1025 1638 1127 1704 pro-2

109 1709 243 1772 cidentis
259 1711 289 1771 01
309 1710 511 1771 imitationem
530 1709 666 1772 humoris
682 1711 831 1773 obscoeni
848 1714 979 1774 altumve
994 1712 1096 1786 suspi-

109 1796 191 1856 rium
207 1801 236 1855 et
252 1797 359 1856 oculos
374 1794 475 1868 subito
489 1794 622 1855 acriores
634 1804 686 1856 aut
698 1795 772 1869 quid
783 1795 830 1856 nis
842 1796 940 1856 simile
952 1795 1095 1857 indicium

108 1881 253 1940 adtectus
269 1879 422 1954 animique
436 1879 557 1955 signum
571 1885 666 1954 putat,
683 1879 794 1939 tollitur
807 1895 865 1938 nec
880 1879 1016 1954 intelligit
1030 1896 1096 1940 cor-

109 1963 201 2039 poris
218 1961 277 2024 hos
300 1977 371 2023 esse
393 1965 510 2040 pulsus.
542 1961 648 2038 Itaque
670 1971 699 2022 et
721 1963 903 2024 fortissimus
920 1965 1128 2040 plerumquea

111 2049 160 2106 vir
176 2046 248 2107 dum
264 2053 410 2122 armatur,
432 2047 579 2122 expalluit
594 2053 624 2106 et
644 2047 732 2122 signo
746 2060 868 2124 pugnae
884 2046 955 2108 dato
971 2047 1097 2118 ferocis·

109 2130 193 2192 simo
213 2128 299 2192 militi
318 2133 442 2206 paulum
463 2145 564 2205 genua
585 2138 771 2192 tremuerunt
791 2136 822 2190 et
840 2147 952 2206 magno
968 2131 1097 2205 impera-

109 2216 189 2286 tori,
212 2221 375 2290 antequam
393 2215 474 2279 inter
496 2230 530 2274 se
551 2215 634 2274 acies
655 2214 830 2287 arietarent,
852 2230 906 2276 cor
926 2214 1051 2276 exsiluit
1069 2222 1100 2274 et

109 2296 231 2360 oratori
257 2298 525 2376 eloquentissimo,
551 2298 622 2359 dum
646 2299 685 2358 ad
711 2297 874 2359 dicendum
896 2293 1098 2375 componitur,

114 2395 236 2443 summa
249 2383 414 2458 riguerunt.
442 2379 491 2442 110
509 2398 570 2442 101
585 2381 701 2442 moveri
716 2389 830 2443 tantum
845 2383 951 2454 debet,
975 2383 1032 2444 sed
1046 2383 1129 2442 exal

114 2478 256 2527 currere=
277 2474 325 2527 est
339 2465 419 2526 enim
435 2465 568 2540 inpetus.
594 2471 760 2542 numquam
782 2474 881 2527 aulem
896 2465 1018 2542 inpetus
1032 2467 1100 2526 sine

111 2549 253 2610 adsensu
268 2551 377 2611 mentis
393 2550 450 2611 est.
472 2557 573 2626 neque
589 2549 669 2610 cuim
682 2549 747 2609 lleri
761 2556 873 2624 potest,
889 2559 922 2612 ut
935 2551 974 2610 de
986 2549 1101 2610 ultione

113 2641 148 2694 01
164 2647 266 2708 poena
281 2641 388 2712 agatur
402 2635 503 2694 animo
525 2633 698 2714 nescientes
720 2634 838 2708 putavit
858 2647 893 2692 sc
910 2631 1022 2708 aliquis
1037 2633 1100 2695 lae-

117 2733 201 2791 sum,
217 2718 313 2778 voluit
326 2716 447 2793 ulcisci,
463 2715 662 2778 dissuadente
677 2717 780 2792 aliqua
794 2732 888 2777 causa
902 2717 1001 2778 statim
1016 2732 1101 2778 rese-

112 2799 176 2861 -dita
198 2799 278 2862 nanc
293 2803 367 2861 tram
383 2809 553 2882 1011000,
576 2791 670 2882 [11000]1
683 2805 798 2862 motum
813 2801 903 2862 animi
922 2801 1031 2886 rationi
1046 2818 1100 2878 pa-

116 2890 244 2944 rentem.
269 2885 322 2948 illa¹
336 2892 383 2946 est
398 2883 453 2960 ira,
470 2893 551 2962 quae
564 2885 713 2946 rationem
727 2883 882 2961 transsllit,
900 2901 980 2962 quae
995 2900 1101 2948 secum

116 2969 206 3044 rapit.
223 2971 296 3046 ergo
308 2969 407 3045 prima
421 2968 472 3029 illa
486 2967 610 3045 agitatio
622 2969 722 3044 animi,
735 2985 827 3044 quam
839 2971 960 3046 species
975 2968 1133 3030 iniuriaea

116 3051 258 3127 incussit,
272 3066 333 3112 non
348 3054 445 3129 magis
457 3054 560 3114 110001
572 3043 663 3130 quarn
677 3049 746 3130 ipsa
760 3051 888 3115 iniuriae
900 3051 1037 3129 speciosa
1053 3051 1103 3112 ille

116 3138 256 3211 sequens
270 3135 402 3214 inpetus,
419 3139 471 3214 qui
486 3137 620 3212 speciem
635 3135 763 3199 iniuriae
775 3154 835 3198 101
849 3140 962 3198 tantum
974 3135 1102 3212 accepit,

114 3219 176 3280 sed
192 3221 389 3298 adprobavit,
406 3218 451 3280 110
465 3227 527 3296 001,
550 3220 711 3284 concitatio
729 3220 821 3282 animi
836 3223 875 3282 ad
889 3219 1034 3282 ultionem
1049 3235 1103 3282 vo-

118 3303 235 3364 luntate
255 3310 286 3365 01
305 3305 419 3366 iudicio
439 3305 604 3380 pergentis.
635 3309 801 3382 numquam
821 3305 947 3368 dubium
963 3311 1010 3368 est
1031 3301 1104 3379 quin

118 3383 211 3448 timor
227 3389 328 3464 lugam
343 3389 469 3462 habeat,
491 3389 536 3448 ira
550 3387 694 3464 inpetum.
717 3387 789 3449 vide
803 3392 877 3464 ergo
892 3405 931 3449 01
945 3395 1036 3466 putes
1051 3386 1105 3446 ali-

118 3471 195 3548 quid
211 3471 278 3531 0110
292 3471 428 3533 adsensu
442 3471 550 3533 mentis
565 3479 617 3534 aut
631 3473 693 3548 peti
709 3477 805 3550 posse
820 3479 871 3534 aut
886 3471 997 3533 caveri.
