2554 3888
478 471 511 552 ln.
531 470 671 553 llllll
693 471 864 554 slllcnt

320 617 699 718 llllllltitltllll
728 621 898 717 ltnllt
928 623 1029 718 Vlll.

563 795 607 843 nn
627 781 777 846 saasiun

598 911 641 976 ll
658 911 750 980 olto.

609 1055 732 1068 η*

157 1183 169 1234 l
245 1166 268 1224 l.
291 1169 359 1238 [aa]
381 1159 486 1202 ******
508 1180 564 1225 cur
583 1165 673 1225 nobis
694 1181 803 1240 magno
820 1181 977 1227 consensu
990 1167 1062 1226 vitia
1077 1181 1164 1227 com-

182 1249 346 1310 mendanti
372 1248 443 1309 licet
456 1248 529 1308 nihil
544 1246 643 1322 aliud,
659 1250 742 1324 quod
757 1249 797 1309 sit
811 1251 952 1324 salutare,
966 1257 1163 1325 temptemus,

181 1333 320 1409 proderit
339 1339 439 1392 tamen
462 1348 517 1408 per
538 1348 573 1391 se
588 1333 688 1408 ipsum
703 1333 866 1394 secedere:
887 1335 1030 1394 meliores
1046 1335 1163 1394 erimus

91 1447 93 1451 Δ
182 1417 302 1492 singuli.
329 1417 417 1492 quid,
433 1416 518 1491 quod
532 1417 678 1476 secedere
693 1417 733 1476 ad
748 1417 880 1492 optimos
896 1419 977 1478 viros
991 1425 1021 1477 et
1034 1417 1164 1492 aliquod

182 1503 353 1575 exemplum
369 1500 495 1573 eligere,
512 1500 552 1559 ad
566 1500 651 1574 quod
667 1499 758 1560 vitam
773 1501 948 1576 dirigamus,
963 1502 1054 1561 liceat
1072 1500 1164 1576 quod

182 1584 241 1645 nisi
261 1585 324 1644 otio
344 1599 406 1643 non
426 1583 468 1642 lit.
497 1590 569 1642 tunc
590 1590 693 1656 potest
714 1585 850 1645 obtinere
873 1587 957 1660 quod
977 1586 1073 1646 semel
1097 1586 1161 1658 pia-

182 1667 257 1741 cuit,
279 1665 332 1726 ubi
346 1681 435 1726 nemo
449 1666 624 1741 intervenit,
647 1667 699 1742 qui
712 1667 856 1729 iudicium
871 1669 977 1728 adhuc
986 1669 1163 1728 inbecillum

181 1751 297 1826 populo
312 1749 450 1810 adiutore
473 1751 662 1824 detorqueat.
693 1759 765 1811 tunc
786 1759 889 1826 potest
912 1751 974 1812 vita
988 1753 1112 1826 aequali
1133 1759 1164 1810 et

181 1851 242 1894 uno
271 1841 377 1895 tenore
404 1835 587 1908 procedere,
623 1851 714 1908 quam
744 1835 913 1910 propositis
940 1834 1163 1896 diversissimis

153 1917 360 1983 iscindimus.
395 1918 470 1977 Nam
495 1919 573 1977 inter
593 1926 695 1978 cetera
717 1919 798 1978 mala
818 1919 892 1979 illud
914 1919 1082 1994 pessimum
1103 1927 1161 1990 est,

181 2004 264 2078 quod
281 2003 354 2062 vitia
368 2001 438 2077 ipsa
457 2007 618 2061 mutamus.
647 2002 692 2062 sic
707 2018 745 2060 ne
763 2001 823 2061 hoc
845 2003 968 2077 quidem
982 2002 1071 2063 nobis
1087 2017 1162 2062 con·

181 2087 268 2161 tingit
282 2100 461 2160 permanere
478 2086 506 2142 in
522 2087 602 2144 malo
618 2085 677 2144 iam
694 2084 842 2146 familiari.
869 2086 951 2146 aliud
966 2101 1006 2144 ex
1020 2085 1080 2146 alio
1096 2086 1162 2159 pla·
1275 2125 1276 2154 ,

78 2169 79 2173 ’
181 2177 231 2230 cet
251 2177 402 2242 vexatque
424 2183 481 2229 nos
503 2167 562 2226 lroc
584 2181 723 2242 quoque,
747 2169 830 2244 quod
851 2169 963 2229 iudicia
977 2176 1084 2244 nostra
1098 2185 1163 2228 non

180 2260 295 2314 tantum
310 2267 420 2327 prava,
441 2251 601 2310 sedetiam
621 2253 700 2311 levia
714 2259 794 2312 sunt.
817 2250 1001 2312 fluctuamus
1015 2253 1164 2327 aliudque

181 2353 221 2396 ex
236 2336 295 2397 alio
311 2334 599 2411 conprehendimus.
621 2336 715 2410 petito
728 2335 937 2410 relinquimus,
952 2337 1057 2396 relicta
1071 2350 1163 2409 repe·
1274 2377 1275 2387 ,

152 2423 281 2488 3timus.
310 2419 456 2480 Alternae
475 2419 554 2480 inter
574 2418 770 2494 cupiditatem
793 2427 929 2480 nostram
949 2426 981 2480 et
999 2417 1162 2496 poeniten-

180 2506 250 2566 tiam
271 2505 355 2566 vices
377 2509 457 2565 sunt.
486 2504 656 2581 pendemus
673 2503 753 2566 enim
773 2503 827 2566 toti
851 2520 890 2564 ex
911 2500 1019 2566 alienis
1038 2499 1162 2564 iudiciis
1273 2549 1274 2562 ,

181 2597 211 2650 et
223 2589 255 2650 id
270 2590 416 2666 optimum
436 2589 525 2649 nobis
543 2589 675 2663 videtur,
699 2589 782 2663 quod
803 2590 949 2664 petitores
969 2589 1162 2648 laudatores-

183 2690 243 2749 que
257 2675 369 2734 multas
384 2673 489 2754 habet,
510 2689 572 2732 non
586 2671 618 2731 id
633 2673 716 2748 quod
732 2673 919 2733 laudandum
933 2672 1164 2747 petendumque

181 2766 236 2817 est.
264 2773 321 2816 nec
336 2756 417 2838 viam
437 2756 548 2817 bonam
565 2771 601 2814 ac
621 2757 730 2816 malam
751 2773 807 2832 per
820 2772 856 2817 se
870 2756 1082 2826 aestimamus,
1104 2757 1165 2816 sed

152 2841 268 2902 lturba
283 2839 489 2914 vestigiorum,
505 2839 535 2898 in
551 2839 662 2914 quibus
675 2841 758 2902 nulla
769 2841 1048 2901 suntredeuntium.
1068 2839 1163 2900 Dices

182 2923 266 2982 mihi=
299 2923 394 2998 „quid
414 2922 481 2997 agis
503 2923 643 2985 Seneca?
672 2924 790 2985 deseris
813 2930 938 3000 partest
964 2931 1046 2983 certe
1065 2921 1164 2983 Stoici
1271 2969 1272 2976 ,

182 3005 278 3066 nostri
299 3007 416 3066 dicunt:
439 3023 539 3082 usque
559 3008 599 3069 ad
619 3007 755 3069 ultimum
767 3009 849 3068 vitae
863 3007 954 3068 finem
970 3006 1001 3065 in
1017 3013 1087 3066 actu
1102 3007 1164 3066 eri-

181 3106 267 3164 mus,
289 3106 350 3150 non
365 3090 540 3151 desinemus
556 3091 707 3152 communi
725 3091 807 3152 bono
824 3106 950 3166 operam
965 3091 1054 3162 dare,
1073 3089 1164 3150 adiu·
1270 3135 1271 3176 ,

181 3189 255 3244 vare
271 3174 419 3248 singulos,
435 3190 525 3250 opem
541 3176 621 3236 icrre
631 3175 725 3236 etiam.
735 3173 864 3235 inimicis
878 3177 966 3235 senili
976 3190 1078 3233 manu.
1101 3189 1164 3234 nos
1270 3179 1271 3206 ¹

182 3274 304 3330 sumus,
331 3258 383 3332 qui
403 3259 492 3318 nullis
513 3260 601 3319 annis
623 3259 812 3320 vacationem
834 3259 942 3318 damus
963 3265 994 3317 ct
1013 3258 1098 3332 quod
1121 3259 1167 3318 ait

181 3342 230 3400 ille
245 3339 292 3400 vir
308 3341 536 3414 disertissimus,

457 3427 596 3506 canitiem
607 3429 698 3499 palea
708 3430 879 3501 premimus.
912 3428 913 3432 ’

182 3525 241 3570 nos
257 3523 378 3583 sumuS,
401 3507 483 3583 apud
499 3521 692 3584 quosusque
707 3521 745 3570 eo
759 3509 832 3569 nihil
848 3515 917 3569 ante
932 3514 1058 3569 mortem
1085 3505 1160 3569 otic-
1268 3525 1269 3566 l
