2554 3888
200 209 263 272 226
402 209 435 267 L.
456 207 602 268 ANNAEI
618 205 793 267 SENECAE
806 205 969 268 ombxt.
1030 199 1038 204 ⁸

201 369 252 421 aut
262 361 369 420 beatus
383 366 435 420 aut
447 360 548 420 nullus
560 365 628 419 esti
647 358 769 419 beatum
781 357 897 418 deflere
907 357 1024 418 mvrdia
1035 367 1090 433 est,
1106 362 1176 420 nul·
1267 425 1268 436 χ

169 447 262 504 olum
286 441 467 502 dementiam
512 443 579 520 [28]
605 444 654 500 An
680 441 739 502 hoc
758 449 789 502 te
808 451 925 516 movet,
949 443 1033 518 quod
1054 443 1179 504 videtur
1267 449 1268 456 ’

200 527 373 602 ingentibus
394 533 424 588 et
445 542 514 586 oum
534 525 665 586 maxime
687 513 879 586 circumfusis
903 527 991 586 bonis
1013 527 1177 586 caruisse-‘t

201 627 270 671 cum
291 610 474 684 cogitaveris
495 611 588 670 multa
602 624 689 680 esse,
712 625 791 684 quae
806 609 951 684 perdidit,
972 610 1073 684 cogita
1085 612 1177 686 plura

201 710 287 769 esse,
311 709 391 768 quae
405 710 465 754 non
481 693 579 753 timet:
607 707 668 752 non
683 693 729 752 ira
742 709 813 754 aum
826 694 994 768 torquebit,
1017 709 1079 754 non
1093 709 1175 754 mor-

200 779 259 840 bus
274 776 412 851 adiliget,
434 793 495 836 non
517 777 653 851 suspicio
667 779 813 850 lacesset,
835 793 896 838 non
913 779 993 836 edax
1007 782 1038 836 et
1053 777 1176 838 inimica

202 877 325 936 semper
345 859 451 920 alienis
472 859 672 935 processibus
700 859 814 928 invidia
840 860 1082 935 consectabitur,
1111 877 1174 921 nou

201 952 300 1004 metus
321 943 508 1016 sollicitabit,
534 959 595 1002 non
615 943 723 1004 levitas
742 944 881 1004 fortunae
898 945 957 1004 cito
975 960 1101 1004 munera
1116 961 1175 1004 sua

201 1027 412 1089 transferentis
429 1027 618 1103 inquietabit.
655 1028 776 1087 sibene
792 1029 957 1103 conputas,
980 1028 1050 1102 plus
1067 1027 1109 1087 illi
1125 1043 1175 1086 re-

171 1112 328 1174 omissum
345 1127 436 1186 quam
452 1117 590 1184 ereptum
603 1117 660 1171 est.
694 1110 761 1171 Non
776 1110 887 1186 opibus
903 1113 1031 1184 fruetur,
1046 1127 1106 1172 non
1122 1120 1175 1170 tua

202 1195 292 1255 simul
313 1211 349 1254 ac
370 1211 428 1255 sua
447 1195 553 1269 gratia.
583 1210 645 1254 non
665 1195 796 1268 accipiet
812 1195 976 1269 beneficia,
1000 1211 1062 1255 non
1075 1195 1175 1254 dabit=

201 1280 346 1338 miserum
361 1286 465 1354 putas,
492 1279 575 1354 quod
589 1277 647 1338 iste
661 1276 775 1353 amisit,
797 1295 835 1339 an
850 1279 988 1352 beatum,
1012 1278 1096 1354 quod
1111 1294 1175 1339 non

202 1363 378 1423 desiderati
398 1362 590 1435 mihicrede,
612 1362 639 1422 is
653 1361 771 1424 beatior
785 1369 846 1437 est,
868 1363 917 1424 cui
933 1365 1054 1422 fortuna
1065 1377 1175 1436 super-

110 1447 112 1451 ’
201 1463 300 1507 vacua
321 1454 382 1522 est,
403 1447 556 1522 quomis,
585 1447 633 1506 cui
655 1452 762 1520 parata
781 1453 838 1507 ast.
863 1445 983 1518 ¹Omnia
1003 1445 1061 1505 ista
1081 1447 1174 1518 bona,
1267 1489 1268 1494 η

203 1546 283 1606 quae
295 1546 352 1590 nos
366 1529 510 1604 speciosa
522 1529 576 1588 sed
591 1530 690 1590 laliaci
698 1530 852 1604 voluptate
860 1530 1020 1604 delectant,
1032 1529 1175 1604 pecunia,
1267 1547 1268 1552 ¹

203 1614 351 1688 dignitas,
371 1613 507 1688 potentia
520 1612 641 1686 aliaque
656 1615 820 1688 conplura,
837 1614 876 1674 ad
893 1630 971 1690 quae
982 1613 1103 1688 generis
1117 1613 1175 1673 hu·
1267 1657 1268 1668 ,

201 1695 283 1756 mani
301 1711 394 1756 caeca
409 1695 559 1771 cupiditas
576 1695 781 1772 obstupescit,
802 1713 873 1758 oum
889 1697 995 1758 labore
1008 1697 1175 1772 possiden·
1204 1737 1213 1748 -

201 1788 265 1854 tur,
293 1795 362 1840 oum
381 1779 496 1840 invidia
518 1778 748 1856 conspiciuntur
769 1781 960 1857 eosdemque
984 1781 1071 1857 ipsos
1093 1797 1175 1856 quos

202 1871 372 1938 exornant,
404 1871 433 1923 et
459 1870 609 1938 premunt.
646 1865 717 1940 plus
743 1865 894 1926 minantur
920 1881 1011 1942 quam
1035 1872 1175 1940 prosunt.

202 1949 319 2008 lubrica
339 1956 370 2008 et
389 1949 505 2008 incerta
525 1955 605 2008 sunt.
644 1965 809 2024 numquam
831 1948 910 2009 bene
927 1956 1082 2010 tenentum
1103 1965 1174 2008 nam

202 2039 236 2091 ut
254 2033 327 2090 nibil
350 2032 389 2090 de
401 2038 540 2112 tempore
555 2033 654 2093 luturo
670 2031 823 2106 timeatur,
846 2033 916 2108 ipsa
929 2039 1029 2093 tamen
1043 2048 1176 2107 magnae

78 2156 83 2165 ι
172 2115 354 2179 filelicitatis
368 2109 462 2174 tutela
476 2115 604 2174 sollicita
618 2123 673 2176 est.
709 2115 742 2176 Si
756 2117 833 2176 velis
850 2117 976 2176 credere
989 2115 1080 2178 altius
1095 2117 1174 2175 veri·
1267 2121 1268 2168 ι

201 2204 293 2258 tatem
305 2197 506 2271 intuentibus,
528 2197 626 2258 omnis
639 2200 699 2260 vita
709 2197 894 2274 supplicium
905 2207 967 2260 esta
989 2200 1090 2262 inhoc
1102 2216 1174 2274 pro·
1267 2231 1268 2254 ;

116 2315 118 2320 .
203 2281 329 2350 fundum
350 2281 579 2357 inquietumque
601 2284 730 2357 proiecti
755 2299 858 2357 mare,
886 2284 1010 2344 alteruis
1035 2284 1175 2344 uestibus

201 2363 394 2438 reciprocum
416 2373 445 2426 et
465 2367 556 2426 modo
577 2366 724 2426 adlevans
749 2383 807 2428 nos
835 2367 944 2428 subitis
968 2366 1175 2441 incrementis,

203 2447 296 2508 modo
308 2447 474 2510 maioribus
486 2450 604 2516 damnis
612 2449 754 2510 deserens
762 2451 954 2524 adsidueque
964 2451 1175 2512 iactausnum-

204 2547 296 2607 quam
311 2531 410 2594 stabili
420 2532 616 2615 consistimus
627 2535 706 2595 loco.
730 2533 899 2609 pendemus
911 2541 941 2595 et
951 2534 1134 2596 fluctuamur
1146 2541 1177 2594 et

203 2618 278 2676 alter
289 2614 319 2675 in
331 2617 616 2678 alteruminlidimur
625 2617 827 2694 etaliquando
835 2619 1025 2694 naufragium
1034 2616 1174 2691 iacimus,

172 2708 326 2774 'tsemper
340 2701 498 2782 timemus.¹
509 2701 541 2760 ln
556 2701 615 2761 hoc
629 2707 689 2760 tam
706 2703 878 2776 procelloso
894 2708 924 2762 et
939 2703 969 2762 in
980 2716 1087 2763 omnes
1099 2708 1174 2761 tem·

202 2789 340 2856 pestates
361 2784 501 2858 exposito
524 2785 598 2844 mari
619 2785 832 2860 navigantibus
857 2787 957 2846 nullus
982 2792 1088 2862 portus
1115 2784 1175 2846 nisi

202 2865 309 2925 mortis
331 2873 387 2926 est.
409 2883 447 2926 ne
463 2867 565 2942 ltaque
580 2868 724 2928 invideris
740 2870 824 2929 fratri
838 2875 906 2930 tum
933 2869 1073 2946 quiescit.
1108 2875 1173 2928 ton·

203 2949 273 3008 dem
288 2949 380 3022 liber,
400 2949 521 3009 tandem
538 2957 634 3024 tutuS,
653 2953 776 3012 tandem
789 2961 932 3014 aeternus
946 2961 1002 3014 est.
1026 2953 1174 3028 supersti-

203 3039 263 3092 tem
285 3031 446 3092 Caesarem
468 3049 650 3110 omnemque
673 3035 738 3096 eius
762 3037 896 3112 prolem,
924 3036 1121 3113 superstitem
1144 3043 1175 3096 te
1267 3089 1268 3092 ,

204 3131 271 3174 cum
294 3117 505 3178 communibus
526 3117 618 3178 habet
638 3121 792 3186 iratribus.
826 3129 990 3197 antequam
1009 3119 1176 3196 quicquam
1267 3139 1268 3182 i

204 3212 243 3256 ex
265 3213 322 3257 suo
345 3199 451 3259 lavore
473 3202 594 3260 lorluna
612 3210 755 3278 mutaret,
778 3209 908 3266 stantem
929 3205 1029 3266 adhuc
1049 3204 1130 3264 illam
1145 3209 1177 3263 el

172 3288 329 3342 timonem
350 3283 440 3354 plena
460 3300 550 3344 manu
565 3295 778 3360 congerentem
792 3289 924 3363 reliquit.
957 3288 1079 3348 Fruitur
1093 3303 1176 3348 nunc
1267 3291 1268 3308 ¹

204 3371 311 3458 aperto
327 3371 357 3422 et
375 3363 471 3426 libero
487 3369 589 3441 coelo,
613 3386 653 3430 ex
668 3371 771 3430 humili
786 3379 878 3448 atque
891 3371 1066 3447 depresso'
1058 3389 1088 3432 ιιι
1105 3387 1176 3431 eum

203 3445 326 3508 emicuit
338 3448 454 3523 locum,
475 3450 615 3526 quisquis
630 3451 681 3514 ille
694 3461 756 3529 est,
772 3454 824 3531 qui
839 3457 956 3520 solutas
968 3454 1098 3516 vinculis
1111 3454 1176 3530 anif
