2522 3906
275 289 378 349 DIAL.
401 289 450 346 ΙΙΙ.
482 289 533 348 DE
550 289 620 348 IRA
640 289 712 348 LlB.
734 290 756 346 Ι.
781 299 907 350 11-13.
1036 287 1077 348 45

105 443 222 506 tioribus
244 448 276 500 et
293 441 400 501 relicto
414 440 514 501 iudice
538 441 578 500 ad
600 456 745 501 coronam
764 442 861 501 venis.
892 442 964 516 quia
984 459 1071 504 unus-

25 519 26 536 *
107 527 230 602 quisque
251 523 284 584 in
306 524 456 584 eiusmodi
478 540 602 585 suorum
619 539 695 584 casu
715 523 868 598 irascitur,
886 533 979 599 putas
999 525 1077 586 iudi-

106 617 219 671 caturos
239 607 381 668 homines
403 609 432 668 id
449 607 514 668 lieri
531 607 653 680 debere,
670 607 754 682 quod
770 608 891 667 iaciunt.
919 609 983 668 lere
998 609 1078 668 eninr

106 695 208 754 iustum
229 693 364 766 cuisque
390 691 543 752 adlectum
563 689 690 762 iudicat,
721 707 810 766 quem
832 692 981 764 agnoscit.
1017 694 1108 751 Ire-4

106 785 223 837 suuntur
243 776 318 836 boni
337 775 395 834 viri
418 792 472 850 pro
489 791 616 835 suorum
633 775 766 834 iniuriis=
787 775 843 835 sed
859 775 939 834 idem
955 773 1077 846 iaciunt,

25 893 26 902 κ
106 862 127 921 si
141 860 231 920 ealda
253 875 316 920 non
336 859 419 918 *bene
439 857 617 933 praebetur,
641 859 667 918 si
681 859 809 919 vitreum
826 858 952 919 tractum
968 866 1029 933 est,
1052 857 1079 918 si

105 947 218 1004 calceus
240 945 304 1003 luto
326 958 455 1018 sparsus
471 949 526 1002 est.
558 943 623 1003 Non
640 941 737 1016 pietas
751 941 833 1002 illam
846 943 937 1016 iram,
962 943 1018 1002 sed
1033 943 1078 1002 in-

104 1027 221 1089 firmitas
237 1033 357 1100 movet,
377 1026 459 1086 sicut
473 1025 594 1100 pueris,
618 1026 670 1101 qui
684 1033 744 1086 tarn
760 1026 937 1102 parentibus
952 1025 1076 1087 amissis

105 1112 213 1172 lenum
234 1127 329 1186 quam
350 1110 490 1170 nucibus.
517 1109 687 1184 lraseipro
703 1109 767 1171 suis
783 1125 844 1169 non
861 1117 908 1170 est
921 1109 963 1186 pii
977 1110 1106 1182 animis

105 1196 153 1270 sed
172 1193 294 1254 infirmi.
324 1193 577 1268 llludpulchrum
591 1194 791 1268 dignumque,
814 1211 868 1268 pro
891 1194 1078 1268 parentibus,

105 1279 214 1350 liberis,
238 1278 361 1348 amicis,
385 1275 503 1337 civibus
524 1277 648 1352 prodire
668 1277 861 1337 defensorem
883 1277 952 1352 ipso
975 1278 1077 1337 olficio

26 1423 27 1440 ,
105 1363 242 1434 ducente,
259 1362 427 1434 volentem,
442 1361 642 1433 iudicantem,
660 1361 887 1434 providentem,
903 1377 964 1420 non
980 1361 1078 1434 inpul-

25 1517 26 1520 Ἴ
105 1453 207 1506 sumet
220 1445 373 1504 rabidum.
396 1446 496 1504 nullus
511 1445 590 1502 enim
603 1445 742 1503 adlectus
754 1444 928 1502 vindicandi
941 1443 1080 1518 cupidior

25 1529 26 1532 ’
105 1539 146 1588 est
160 1545 251 1604 quam
275 1530 320 1587 ira
342 1537 371 1588 et
392 1529 431 1588 ob
446 1529 478 1587 id
492 1530 594 1602 ipsum
609 1528 649 1587 ad
664 1527 880 1586 vindicandum
895 1531 978 1599 [tom]
994 1525 1079 1586 inha-

104 1611 180 1687 bilis,
195 1612 402 1688 praerapidus
418 1619 448 1671 et
462 1627 584 1684 emens,
606 1617 639 1670 ul
654 1611 752 1671 omnis
766 1613 830 1670 iere
845 1611 995 1686 cupiditas
1010 1610 1080 1684 ipsa

106 1697 157 1755 sibi
170 1698 198 1756 in
215 1697 248 1756 id
265 1697 296 1754 in
311 1695 395 1770 quod
411 1702 557 1770 properat
571 1696 751 1770 opponitur:
767 1694 870 1770 itaque
885 1711 942 1754 nec
957 1696 986 1754 in
1002 1709 1080 1768 pace

106 1795 156 1838 nee
169 1781 199 1840 in
214 1781 299 1839 bello
315 1795 458 1854 umquam
473 1780 555 1839 bono
572 1779 637 1839 luit.
659 1794 767 1852 pacem
778 1779 858 1838 enim
870 1779 997 1838 similem
1009 1777 1080 1836 belli

105 1864 203 1937 allicit,
220 1863 252 1922 in
270 1865 361 1923 armis
375 1878 449 1922 vero
465 1862 652 1922 obliviscitur
662 1862 788 1921 Martem
803 1877 874 1921 esse
888 1877 1080 1922 communem

106 1949 244 2023 venitque
260 1948 290 2007 in
306 1948 435 2006 alienam
450 1953 646 2020 potestatem,
664 1947 734 2004 dum
749 1945 779 2002 in
795 1961 852 2005 sua
866 1961 926 2004 non
943 1952 1000 2004 est.
1021 1945 1108 2006 De-tl

25 2075 26 2084 ,
105 2029 169 2090 inde
187 2047 252 2092 non
276 2031 346 2091 ideo
367 2029 440 2090 vitia
460 2030 489 2088 in
509 2047 600 2090 usum
619 2028 797 2103 recipienda
821 2035 908 2102 sunt,
935 2029 1007 2102 quia
1026 2028 1079 2085 ali-

107 2116 222 2187 quando
238 2114 356 2190 aliquid
368 2113 542 2174 effecerunt.
565 2129 634 2174 narn
649 2121 679 2174 et
691 2113 792 2172 lebres
805 2113 955 2186 quaedam
966 2126 1081 2186 genera

105 2198 276 2260 valitudinis
293 2200 408 2270 levant,
424 2207 481 2258 nee
496 2196 566 2258 ideo
584 2215 644 2258 non
661 2213 699 2256 ex
714 2203 777 2256 toto
792 2195 851 2256 illis
867 2197 1003 2256 caruisse
1017 2209 1079 2253 me-

106 2280 158 2341 lius
169 2290 231 2342 est=
246 2281 483 2342 abominandum
494 2282 620 2341 remedii
631 2297 728 2356 genus
740 2289 788 2341 est
798 2281 954 2340 sanitatem
967 2279 1081 2339 debere

107 2363 217 2426 morbo.
248 2364 346 2426 Simili
360 2366 452 2426 modo
473 2365 532 2434 ira,
555 2365 643 2425 eliam
660 2365 686 2426 si
702 2364 866 2440 aliquando
881 2371 915 2424 ut
928 2377 1080 2422 venenum

107 2456 134 2506 et
147 2449 358 2524 praecipitatio
380 2455 411 2508 et
424 2450 614 2523 naufragium
635 2465 674 2508 ex
694 2447 851 2523 inopinato
869 2447 995 2520 proluit,
1018 2461 1079 2504 non

107 2529 169 2594 ideo
184 2533 329 2594 salutaris
350 2533 512 2592 iudicanda
526 2539 581 2593 est.
611 2549 706 2608 saepe
727 2533 806 2591 enim
823 2531 913 2590 saluti
928 2531 1011 2589 luere
1027 2543 1080 2600 pe·

108 2617 214 2676 stiiero.

161 2701 240 2760 XIII.
263 2700 380 2760 Deinde
395 2715 474 2775 quae
488 2699 629 2759 habenda
643 2707 713 2758 sunt
725 2701 767 2772 [in
777 2697 877 2773 boniol,
893 2712 954 2771 quo
967 2695 1082 2754 maiora
1095 2707 1108 2758 1

108 2799 140 2844 eo
154 2783 283 2844 meliora
298 2791 327 2844 et
342 2783 524 2858 optabiliora
537 2791 617 2844 sunt.
640 2781 672 2842 Si
687 2782 800 2844 iustitia
813 2782 928 2841 bonum
946 2786 1006 2854 est,
1028 2795 1081 2838 ne-

107 2882 152 2928 mo
168 2869 252 2928 dicet
268 2866 424 2928 meliorem
438 2867 583 2938 loturam,
599 2866 625 2926 si
641 2865 716 2940 quid
731 2867 898 2926 detractum
912 2880 952 2924 ex
966 2879 1003 2922 ea
1016 2865 1080 2924 lue-

107 2949 150 3011 rit.
182 2953 209 3012 si
236 2951 382 3012 fortitudo
403 2949 516 3012 bonum
537 2958 598 3025 est,
625 2965 714 3010 nemo
734 2951 815 3010 illam
838 2947 1025 3010 desiderabit
1044 2957 1129 3008 exa.

108 3035 206 3110 aliqua
227 3040 314 3110 parte
329 3035 476 3095 deminui:
499 3050 573 3108 crgo
594 3040 624 3094 et
643 3035 689 3093 ira
704 3053 764 3108 quo
779 3035 875 3094 maior
891 3033 951 3092 hoc
966 3031 1081 3090 melior.

109 3118 173 3192 quis
188 3121 270 3179 enim
285 3117 376 3179 ullius
390 3118 463 3180 boni
478 3117 689 3178 accessionem
703 3117 911 3178 recusaverit?
931 3115 1014 3190 atqui
1030 3131 1081 3175 aum

107 3203 167 3275 geri
183 3204 265 3262 illam
285 3202 390 3264 inutile
404 3209 467 3263 est:
489 3217 562 3276 erpo
578 3209 608 3262 et
621 3218 702 3262 esse.
727 3201 794 3262 Nou
809 3207 857 3260 est
869 3199 983 3272 bonurn
999 3197 1082 3274 quod

107 3282 290 3348 incremento
306 3289 417 3346 malurn
432 3286 474 3346 tit.
497 3286 614 3358 ‚,Uttlis,
630 3286 735 3360 inquit,
751 3287 796 3344 ira
810 3291 866 3358 est,
883 3285 954 3358 quia
968 3291 1112 3358 pugna-3

25 3409 30 3423 ,
109 3369 207 3430 riores
222 3371 330 3431 lacit.“-
346 3370 407 3430 Isto
424 3370 516 3431 modo
533 3377 562 3428 et
576 3369 724 3430 ebrietas:
737 3369 810 3429 lacit
825 3369 904 3427 enirn
921 3375 1082 3443 protervos
1115 3369 1116 3374 ’

25 3443 27 3460 “
109 3459 137 3512 et
156 3454 291 3515 audaces
312 3453 622 3529 multique-meliores
642 3454 680 3512 ad
702 3455 815 3511 lcrrurn
835 3453 921 3510 luere
935 3451 1013 3508 rnale
1033 3463 1083 3506 so-

109 3533 172 3596 brii.
201 3539 366 3600 istomodo
383 3539 432 3599 die
453 3544 483 3597 et
503 3537 668 3612 phrenesin
690 3543 781 3610 atque
802 3533 951 3592 insaniam
968 3529 1083 3606 viribus
