2528 3906
144 221 199 282 Au
222 221 406 282 marren
427 222 478 282 oa
501 220 803 283 consummem.
832 179 952 284 m-rsss
1002 177 1067 289 ter

79 369 195 446 dignum
211 372 386 432 saeerdotio
403 371 571 442 videretur,
594 378 731 435 aretenta
754 371 820 436 sine
838 373 932 436 dubio
952 374 1063 449 salire·

78 457 220 530 godone,
245 456 304 518 sed
320 471 358 515 ne
377 455 620 530 materquidom
635 455 697 518 nisi
716 471 773 529 pro
794 456 877 518 bopo
899 458 1063 522 eandtosto

79 540 245 600 valuisset·
272 539 387 600 ilerum
407 539 664 612 contemplatione
683 539 825 602 uenatum
847 539 944 604 lilium
965 541 980 581 *
999 543 1095 616 geris

80 639 173 696 quam
192 621 222 684 si
238 621 277 667 *i
287 639 373 684 »nunu
392 623 444 683 ille
459 622 514 684 tibi
527 622 629 696 nragis
644 630 741 684 uaeat
770 638 855 686 nune
871 623 945 686 nihil
961 623 1062 700 hauet,

80 721 143 780 que
157 715 297 766 vetemur.
320 713 487 780 numquam
499 705 556 766 tihi
571 705 783 782 sollicitudini,
798 723 965 782 numquam
979 723 1062 770 mee*

78 789 141 850 rori
154 789 223 850 erit
245 791 337 866 ‘quod
357 806 450 852 untun
470 805 510 851 ou
531 798 592 851 mm
611 790 695 853 hono
716 789 783 852 lilio
800 798 926 865 peteres
947 793 1062 866 dolere,

78 873 220 934 doluistis
243 881 345 934 cetera
363 881 507 949 exempto
526 873 667 946 oasitus,
689 875 781 948 plene
794 875 961 949 uoluptatis
981 884 1061 947 sunt,

79 955 106 1016 si
123 957 217 1016 modo
232 959 275 1017 uti
290 957 352 1017 filio
368 957 440 1031 soie,
456 957 590 1018 simodo
606 958 679 1032 quid
693 957 725 1017 in
740 957 791 1017 illo
805 958 1063 1034 pretiosissimum

77 1040 177 1113 luent„
192 1041 354 1117 intellegis.
375 1041 481 1116 Imago
497 1041 657 1102 dundaxat
671 1041 724 1104 lilii
738 1041 781 1104 tal
794 1042 885 1116 ,perlit
899 1050 929 1104 et
943 1043 1095 1116 elogisse

78 1139 141 1184 nou
166 1123 333 1198 simillima,
358 1125 429 1198 ipse
451 1123 575 1200 quidem
596 1133 783 1186 aeternus
805 1127 1063 1200 meliorisque

77 1223 181 1267 nune
201 1214 330 1270 status
355 1215 427 1280 est,
448 1208 641 1282 despoliatus
663 1209 809 1270 oneribus
830 1209 937 1276 alienis
958 1215 989 1270 et
1003 1210 1063 1270 sihi

16 1287 20 1296 '
76 1291 215 1356 relictus.
243 1291 327 1353 Haeo
343 1307 423 1368 quae
439 1291 526 1352 vides
546 1307 622 1352 ossa
641 1291 858 1364 eimumlelerta]
875 1292 979 1365 neom,
994 1308 1060 1358 nor·

78 1389 137 1433 vos
154 1381 186 1434 et
201 1373 366 1435 obductam
382 1381 482 1434 eutem
496 1373 677 1448 uultumque
692 1382 722 1436 et
738 1375 892 1436 ministrm
909 1391 1017 1438 monus
1033 1383 1066 1435 et

78 1464 183 1518 cetere
210 1457 322 1532 quihus
345 1459 474 1519 involuti
495 1474 618 1531 sumus,
645 1458 768 1520 vineole
787 1458 956 1520 auimomm
978 1467 1062 1520 tene-

77 1539 217 1615 braeque
239 1549 319 1602 eunt.
352 1541 491 1602 obruitur
509 1541 558 1602 his
579 1542 711 1614 animm,
738 1541 898 1612 efformem
918 1542 1061 1614 inficitur,

77 1629 202 1691 areetur
217 1641 236 1684 a
251 1625 332 1685 veris
349 1633 379 1686 et
396 1625 462 1686 suis
483 1625 518 1686 in.
531 1626 610 1686 falsa
623 1624 790 1689 coniectus.
821 1640 911 1686 omne
931 1626 973 1686 illl
994 1641 1064 1688 oum

77 1707 138 1769 hoo
160 1723 256 1774 oaroe
272 1719 369 1782 grave
382 1716 536 1774 certamen
552 1717 613 1782 est,
640 1725 681 1769 ne
704 1709 901 1770 abstrahatur
922 1716 952 1770 et
972 1709 1063 1770 sidat

75 1791 182 1856 nititur
198 1791 267 1863 illo,
292 1793 375 1855 uude
392 1792 537 1853 dimissos
553 1801 609 1854 est.
643 1793 684 1852 ibi
699 1793 781 1854 illum
798 1799 924 1856 aeterua
937 1793 1063 1866 requies

77 1883 182 1936 manet
195 1890 215 1934 e
230 1875 369 1936 confusis
383 1877 562 1952 crassisque
577 1891 654 1950 pum
668 1882 698 1939 et
713 1874 831 1951 liquida
846 1877 1005 1938 visentem.

140 1957 237 2020 XXV.
264 1958 395 2022 Proinde
421 1976 484 2020 uon
508 1968 556 2020 est
580 1959 665 2035 quod
686 1959 727 2023 ad
748 1959 923 2034 sepulerum
942 1959 998 2020 otii
1019 1959 1091 2020 tuit

77 2057 204 2102 ourrese
235 2042 371 2116 pessima
389 2043 458 2102 eius
480 2043 594 2118 stipsi
618 2041 837 2106 molestissima
858 2042 928 2104 istie
951 2041 1063 2116 taeent,

13 2143 14 2182 1
77 2141 157 2188 ossa
177 2126 375 2202 cineresque,
405 2143 467 2187 non
492 2127 589 2200 magis
615 2127 696 2189 illius
718 2133 823 2202 partes
845 2143 937 2202 quam
960 2133 1063 2188 vestes

76 2209 203 2282 aliaque
229 2215 405 2284 tegumenta
430 2225 604 2284 eorporum.
645 2211 766 2285 Integer
791 2209 843 2272 ille
868 2209 1007 2285 nihilque
1032 2210 1063 2270 in
1093 2229 1095 2232 ·

75 2292 167 2354 terris
193 2293 373 2368 relinquens
397 2297 447 2353 sur·
465 2295 542 2368 rugit
560 2301 592 2355 et
609 2301 693 2356 totus
715 2293 853 2356 exeessit
876 2295 1063 2368 paulumque

76 2391 176 2450 supra
193 2391 257 2437 nos
276 2383 498 2451 commoratus,
521 2378 593 2438 dum
614 2384 802 2453 expurgatur
823 2385 854 2438 et
873 2376 1064 2439 inhaerentia

74 2459 152 2524 vitia
172 2457 327 2536 sitmuque
350 2477 471 2536 omqem
493 2462 629 2524 mortalis
651 2462 720 2522 aevi
734 2461 865 2534 excutit,
889 2461 1002 2522 deinde
1022 2461 1063 2520 od

76 2543 207 2605 excelse
221 2545 360 2606 sublatus
376 2545 454 2604 inter
468 2545 575 2609 leliees
590 2547 682 2608 eurrit
695 2545 812 2606 unioras
829 2541 964 2616 [excepit
978 2542 1063 2604 illurn

77 2631 189 2688 coetus
206 2633 322 2700 semol,
357 2627 519 2703 Selpiones
534 2629 746 2703 Catonesque,
767 2628 909 2701 interque
928 2631 1063 2686 oontem-

75 2716 188 2784 plores
211 2713 292 2772 vitae
318 2718 349 2772 et
372 2712 479 2774 mortis
504 2711 657 2772 beneficio
681 2711 805 2770 liberos.
839 2709 955 2770 Parens
982 2715 1095 2781 toust

74 2793 209 2864 Mareia,
235 2793 296 2858 illie
321 2802 464 2870 nepotem
490 2811 596 2866 suum,
626 2809 813 2870 quamquem
838 2791 899 2854 illie
919 2792 1062 2853 omnibus

76 2893 171 2939 omne
187 2886 353 2950 cognatum
375 2886 438 2952 est,
458 2879 593 2953 udplloat
613 2877 672 2938 sihi
692 2893 774 2938 nova
790 2878 860 2938 luee
879 2876 1064 2950 gaudentem

76 2968 108 3022 et
127 2960 300 3022 vicinorum
320 2961 458 3024 siderum
477 2969 594 3024 meatus
616 2961 721 3031 dooet,
748 2975 807 3022 nee
827 2975 867 3021 ex
887 2959 1065 3021 coniectura

76 3044 136 3104 sed
158 3043 294 3106 omnium
320 3060 360 3108 ex
380 3061 455 3106 uero
475 3045 597 3120 peritus
618 3045 649 3106 iu
675 3059 788 3106 areana
812 3049 939 3106 naturae
963 3041 1063 3106 libens

77 3127 172 3189 dueit.
196 3136 292 3203 utque
306 3129 477 3202 ignotarum
492 3129 612 3190 urbium
626 3134 814 3192 monstrator
828 3125 944 3200 hospiti
959 3133 1064 3200 gratus

76 3218 141 3285 est,
165 3211 209 3272 ita
233 3211 401 3274 sciscitanti
425 3213 604 3279 eoelestiunr
626 3213 741 3274 causas
760 3211 949 3273 domesticus
972 3211 1064 3272 inter·

76 3309 162 3367 pros.
189 3295 277 3358 iuvat
290 3297 371 3357 enim
387 3312 429 3356 err
444 3299 504 3358 alto
517 3297 624 3357 relicte
643 3295 801 3370 respioere
818 3301 848 3356 et
864 3294 894 3354 in
909 3293 1065 3368 protunda

77 3384 230 3442 terrerum
245 3380 419 3454 permittere
434 3381 541 3442 auten.
560 3379 621 3440 Sto
638 3379 742 3458 ireque
762 3383 808 3450 le,
830 3375 961 3448 Mareia,
981 3382 1095 3449 geres

79 3463 314 3538 aequaturus
335 3463 432 3526 oeulis
453 3463 549 3539 patris
579 3461 685 3536 titique
712 3462 830 3538 posita,
854 3476 917 3522 nou
943 3459 1063 3518 illorum
