2546 3890
303 243 355 306 DE
377 243 597 306 CLEMENTIA
617 245 723 306 LIB.l.
749 253 879 308 14-17.
1013 243 1075 308 291

101 393 185 452 bavit
209 392 369 466 gratuitam
393 408 464 454 esse
490 394 681 456 severitatem
708 363 818 468 suam,
841 396 924 468 quod
946 389 1075 472 prindpt

101 491 224 550 semper
246 477 412 536 curandum
434 483 493 548 est,
515 477 591 537 dixit
604 477 801 552 relegandum
819 495 880 554 quo
897 480 975 553 patri
991 480 1074 540 vidc-

99 565 192 620 retur.
228 558 294 618 Non
316 561 452 633 culeum,
474 565 535 620 non
559 568 734 636 serpentes,
763 577 824 621 non
847 577 1000 622 carcerem
1022 563 1101 624 del
1202 611 1210 618 .

100 643 197 704 crevit
216 658 332 704 memor
353 660 414 704 non
437 644 554 719 dequo
576 650 730 719 censeret,
755 643 812 704 sed
828 645 876 704 cui
898 647 927 704 in
944 645 1073 706 consilio

99 733 193 787 esset.
216 727 396 788 mollissimo
415 742 529 801 genere
545 743 667 803 poenae
681 734 855 790 contentum
872 743 944 788 esse
960 728 1074 789 debere

98 819 215 884 patrem
227 809 304 870 dixit
316 811 346 870 in
362 808 425 870 illio
440 811 682 884 adulescentulo,
694 811 818 887 inpulso
832 813 863 872 in
875 812 907 870 id
916 813 1028 886 scelus,
1043 813 1072 872 in

100 910 162 968 quo
174 909 219 967 se,
236 893 319 967 quod
331 894 504 970 proximum
515 902 581 967 erat
592 896 630 956 ab
643 895 831 969 innocentia,
842 895 946 956 timide
957 897 1073 970 gessis-

99 985 156 1038 set.
178 977 291 1036 debere
302 977 385 1038 illurn
399 976 437 1036 ab
453 976 528 1037 urbe
545 984 576 1038 et
591 995 610 1039 a
625 979 759 1054 parentis
776 979 874 1040 oculis
886 977 1073 1040 submoveri.

161 1060 239 1120 XVI.
262 1059 285 1120 0
298 1060 422 1136 dignum
435 1077 526 1136 quem
540 1060 570 1122 in
583 1061 743 1124 consilium
755 1071 858 1138 patres
871 1063 1072 1124 advocarent!
1085 1077 1100 1130 1

99 1161 117 1204 o
136 1142 260 1217 dignum
281 1160 372 1220 quem
393 1144 575 1205 coheredem
596 1146 808 1206 innocentibus
828 1145 934 1206 'liberis
958 1146 1072 1208 scribe·

97 1234 180 1286 rent!
217 1228 302 1287 Haec
323 1228 482 1288 clementia
503 1229 672 1304 principem
692 1229 796 1303 decet,
824 1235 857 1288 ut
877 1245 1073 1306 quocumque
1129 1283 1138 1298 ,

96 1308 229 1383 venerit,
250 1312 455 1372 mansuetiora
476 1315 578 1374 omnia
599 1314 699 1374 iaciat.
735 1312 831 1372 Nemo
847 1314 912 1388 regi
928 1322 989 1372 tarn
1002 1313 1071 1373 vilis

98 1395 151 1468 sit,
176 1402 208 1455 ut
228 1393 312 1456 illum
332 1395 432 1470 perire
453 1411 513 1454 non
535 1393 658 1470 sentiat,
680 1395 914 1472 qualiscumque
931 1413 1001 1472 pars
1017 1396 1071 1456 im·

97 1475 177 1554 perii
196 1485 253 1540 est.
286 1479 320 1538 In
341 1494 452 1553 magna
473 1479 599 1554 imperia
621 1497 659 1539 ex
680 1480 847 1540 minoribus
862 1487 1002 1554 petamus
1018 1495 1099 1546 err-2

97 1562 240 1636 emplum.
268 1578 330 1622 non
351 1569 399 1622 est
420 1579 514 1622 unum
528 1564 697 1638 imperandi
712 1579 825 1638 genus:
846 1562 975 1638 imperat
989 1564 1069 1639 prin·

98 1661 173 1720 ceps
190 1645 308 1706 civibus
324 1646 407 1718 suls,
425 1653 512 1720 pater
527 1647 648 1720 liberis,
671 1654 855 1722 praeceptor
871 1645 1070 1718 discentibus,
1129 1687 1133 1692 -

87 1728 236 1790 tribunus
257 1731 307 1790 vel
327 1730 463 1789 centurio
486 1730 640 1790 militibus.
677 1730 785 1790 Nonne
806 1731 962 1804 pessimus
985 1739 1072 1806 pater

96 1811 256 1885 videbitur,
279 1813 331 1886 qui
348 1813 486 1874 adsiduis
503 1814 601 1887 plagis
617 1814 730 1872 liberos
745 1813 833 1872 ctiam
850 1829 890 1872 ex
904 1813 1069 1874 levissimis

100 1895 201 1955 causis
217 1902 406 1972 conpescett
426 1895 500 1958 Uter
511 1904 610 1958 autem
625 1903 807 1970 praeceptor
819 1897 994 1957 liberalibus
1007 1905 1099 1958 stu-3

99 1978 157 2039 diis
179 1978 314 2052 dignior,
342 1981 395 2054 qui
415 1979 644 2043 excarnificabit
665 1979 849 2056 discipulos,
877 1981 903 2039 si
925 1973 1070 2042 me'moria

97 2059 157 2122 illis
177 2078 239 2122 non
256 2063 424 2124 constiterit
438 2070 490 2123 aut
503 2063 530 2122 si
546 2080 653 2138 parum
667 2063 755 2138 agilis
769 2063 798 2122 in
815 2064 945 2138 legendo
961 2066 1068 2124 oculus

97 2145 245 2221 haeserit,
272 2163 311 2206 an
332 2145 384 2222 'qui
403 2146 621 2208 monitionibus
641 2155 671 2208 et
695 2147 882 2208 verecundia
906 2148 1069 2208 emendare

98 2243 134 2289 ac
150 2230 262 2290 docere
275 2230 378 2292 maliti
407 2231 571 2292 Tribunum
587 2230 858 2306 centurionemque
872 2231 912 2290 da
926 2247 1068 2292 saevum:

98 2311 272 2376 desertores
289 2314 391 2386 111161,
411 2315 522 2390 quibus
534 2323 634 2376 tamen
644 2314 823 2390 ignoscitur.
844 2313 1097 2390 Nmnquidnamt

98 2411 229 2472 aequum
244 2404 291 2458 est
305 2399 429 2472 gravius
445 2398 558 2460 homini
574 2406 604 2458 et
617 2399 722 2458 durius
737 2398 894 2473 imperari,
913 2415 1003 2474 quarn
1014 2399 1066 2457 im-

96 2487 221 2555 peratur
234 2480 415 2542 animalibus
430 2481 542 2542 mutis?
563 2480 648 2556 atqui
663 2497 776 2557 equum
790 2496 852 2540 non
869 2481 984 2542 crebris
999 2497 1067 2541 ver-

95 2564 220 2626 beribus
235 2572 367 2626 exterret
381 2565 524 2629 domandi
539 2566 654 2640 peritus
670 2565 821 2640 magister.
845 2564 898 2624 fiet
911 2565 991 2624 enim
1006 2565 1066 2623 lor-

95 2646 267 2710 midolosus
289 2656 319 2708 et
338 2657 515 2724 contumax,
539 2649 597 2708 nisi
618 2665 686 2708 enm
706 2647 881 2708 blandiente
901 2654 982 2708 tactu
996 2662 1066 2721 per·

95 2731 247 2794 mulseris.
281 2732 365 2794 Idem
391 2733 463 2792 lacit
486 2741 632 2806 venator,
661 2731 775 2807 quique
799 2729 926 2792 instituit
951 2731 1095 2790 catulost

94 2815 225 2890 vestigia
245 2817 346 2898 sequi,
370 2815 484 2892 quique
504 2817 562 2876 iam
578 2815 751 2876 exercitatis
767 2813 861 2876 utitur
876 2814 915 2874 ad
931 2813 1066 2874 excitan-

95 2897 152 2959 das
177 2901 227 2959 vel
250 2901 485 2975 persequendas
509 2900 600 2960 ieras.
633 2915 690 2960 nec
713 2897 822 2960 crebro
842 2897 900 2958 illis
921 2898 1065 2957 minatum
1125 2908 1128 2914 ¹

94 2983 261 3044 contundet
275 2983 355 3044 eninr
369 2984 487 3046 animos
502 2992 532 3044 11
544 2983 690 3059 quicquid
701 2990 749 3043 est
757 2982 868 3042 indolis
881 2981 1065 3042 comminue-

92 3073 142 3128 tur
160 3067 363 3144 trepidatione
384 3067 543 3143 degeneri,
565 3083 623 3128 nec
644 3067 795 3128 licentiam
815 3063 948 3140 vagandi
963 3080 1065 3124 erran·

94 3151 187 3226 dique
203 3151 320 3226 passim
336 3152 485 3212 concedit.
520 3152 645 3212 Adicias
657 3151 705 3210 his
716 3151 786 3210 licet
795 3149 929 3209 tardiora
941 3155 1065 3222 agentes

92 3231 235 3295 iumenta.
265 3251 343 3312 quae
359 3251 427 3295 cum
442 3236 481 3296 ad
497 3234 696 3302 contumelias
712 3242 742 3294 61
755 3231 894 3294 miserias
909 3239 980 3294 nata
995 3230 1064 3304 sint,

92 3318 328 3382 nirniasaevitia
342 3327 490 3394 cogantur
504 3318 609 3394 iugum
623 3319 802 3379 detrectare.

156 3402 249 3462 XVll.
273 3403 395 3466 Nullum
415 3403 526 3463 animal
547 3401 700 3464 morosius
721 3408 788 3475 est,
815 3402 929 3461 nullum
950 3398 1092 3458 maiorer¹

92 3493 157 3547 1111
178 3488 367 3548 mactandum
390 3503 481 3563 quam
506 3486 609 3548 horno.
643 3485 717 3547 nulli
742 3483 839 3562 magis
865 3481 1065 3601 parcendum.
