2528 3906
243 312 347 374 nlAL.
368 313 406 370 V.
429 261 480 370 fin
497 313 568 373 IRA
586 313 658 373 LIB.
676 315 725 372 111.
747 321 834 376 3-5.
987 315 1028 378 8³

59 461 158 522 lantia=
188 461 322 522 serarum
337 461 542 537 mehercules,
564 462 630 522 sive
653 461 720 524 illas
735 465 831 525 lantes
853 467 945 540 agitat
965 468 1059 530 sires

60 546 179 606 infixum
197 545 367 606 visceribus
382 545 508 615 ferrum,
536 545 635 605 minus
654 553 728 610 tetra
743 549 837 609 lacies
853 557 914 622 est,
940 551 1029 610 etiarn

59 646 122 690 cum
141 637 319 691 venatorem
340 645 427 689 suum
449 627 644 690 semianimes
661 647 766 690 morsu
788 631 891 694 ultimo
913 641 1028 708 petunt

59 713 316 788 quamhominls
308 729 354 772 rra
368 711 536 788 flagrantis.
571 729 642 798 age,
666 713 692 773 si
714 716 860 776 exaudire
884 731 977 776 voces
993 733 1029 778 ac

58 797 151 856 minas
165 803 263 871 vacet,
278 796 380 872 qualia
390 783 597 856 excarnificati
609 790 699 857 ailimi
711 799 806 858 verba
816 807 911 860 suntl
923 799 1030 860 Nonne
1042 812 1059 864 l

60 895 199 940 revocare
220 897 255 940 se
276 880 407 956 quisque
422 879 488 940 ab
481 895 526 939 rra
540 883 638 955 volet,
660 897 728 940 curn
749 881 931 944 intellexerit
948 885 1029 944 illam

59 980 149 1025 asuo
167 965 294 1038 primum
317 965 396 1024 malo
417 961 585 1038 inciperet
602 981 664 1025 non
682 966 729 1025 vis
753 981 826 1040 ergo
849 968 1030 1028 admoneam

58 1065 124 1118 eos,
149 1048 202 1122 qui
222 1049 297 1106 iram
317 1063 435 1107 summa
458 1048 594 1122 potentia
613 1057 757 1109 exercent
777 1056 807 1109 ct
821 1061 1028 1126 argumentum

59 1131 161 1192 virium
181 1131 355 1191 existimant
376 1139 407 1192 et
426 1131 456 1190 in
477 1133 596 1206 magnis
623 1148 752 1207 magnae
776 1135 916 1195 fortunae
938 1135 1030 1194 bonis

58 1222 170 1290 ponunt
183 1221 321 1290 paratam
335 1215 493 1289 ultionem,
518 1231 609 1290 quam
623 1232 683 1276 non
705 1217 767 1290 [sit]
789 1225 911 1292 potens,
936 1219 1031 1277 immo.

58 1315 91 1358 ne
110 1299 187 1359 liber
211 1299 334 1374 quidem
358 1299 417 1359 dici
439 1299 538 1374 possit
558 1299 622 1358 irae
643 1315 718 1359 suae
741 1308 871 1376 captust
899 1318 960 1360 non
981 1303 1056 1362 viss

58 1383 247 1454 admoneam,
265 1398 326 1457 quo
341 1383 513 1457 diligentior
528 1383 658 1460 quisque
674 1383 713 1443 sit
725 1392 755 1444 et
768 1385 836 1458 ipse
853 1399 887 1443 sc
901 1385 1028 1445 circum·

57 1467 176 1540 spiciat.
198 1464 259 1524 alia
273 1465 363 1525 animi
383 1468 463 1526 mala
482 1467 521 1526 ad
537 1467 690 1542 pessimos
712 1483 853 1543 quosque
870 1469 1028 1542 pertinere,

57 1549 239 1610 iracundiam
259 1551 346 1608 etiam
368 1549 494 1611 eruditis
515 1549 688 1612 hominibus
711 1552 786 1612 etin
809 1551 868 1610 alla
885 1551 969 1612 sanis
984 1551 1028 1609 in·

57 1639 180 1708 reperet
211 1632 289 1692 adeo
314 1640 348 1693 ut
370 1634 493 1710 quidam
516 1633 715 1708 simplicitatis
742 1635 1028 1695 indiciumiracun-

56 1718 129 1776 diam
157 1716 260 1776 dicant
287 1722 317 1780 et
341 1719 432 1792 volgo
459 1718 600 1778 credatur
621 1717 780 1779 facillimus
807 1719 938 1794 quisque
958 1718 1028 1778 huic

56 1800 213 1860 obnoxius

111 1885 150 1944 V.
183 1883 359 1958 „Quorsus‚
381 1885 497 1959 inquis,
522 1883 582 1944 hoc
606 1885 778 1960 pertinett“
814 1885 854 1946 Ut
878 1899 967 1946 nemo
993 1899 1054 1950 set

55 1969 161 2030 iudicet
175 1974 271 2030 tutum
288 1967 325 2028 ab
339 1969 405 2041 illa,
428 1984 496 2028 cum
517 1969 603 2028 lenes
621 1984 744 2043 quoquc
760 1965 867 2028 natura
887 1975 918 2028 et
933 1969 1029 2043 placi·

57 2054 108 2112 dos
130 2052 162 2112 in
184 2053 344 2113 saevitiam
365 2067 401 2110 ac
417 2049 592 2112 violentiam
608 2059 724 2111 evocet.
764 2050 1027 2125 Quemadmodum

55 2137 200 2196 adversus
221 2136 425 2212 pestilentiam
445 2135 518 2196 nihil
538 2136 665 2232 prodest
690 2134 814 2194 firmitas
836 2136 977 2211 corporis
998 2143 1028 2195 et

56 2220 180 2295 diligens
197 2218 370 2280 valitudinis
385 2234 457 2279 cura
464 2219 668 2294 ,promiscue
684 2217 763 2276 enim
779 2217 922 2278 inbecilla
934 2220 1026 2280 robu-

56 2311 160 2380 stuque
183 2303 314 2362 invadit·
338 2301 380 2362 ita
400 2303 462 2362 ab
455 2319 500 2362 rra
520 2310 580 2361 tam
596 2299 739 2398 inquietis
754 2287 917 2362 moribus
906 2303 1025 2378 pericu-

54 2388 109 2446 lum
129 2395 179 2448 est
200 2403 292 2462 quam
310 2385 479 2461 conpositis
501 2393 531 2446 et
545 2383 699 2457 remissis,
722 2386 833 2460 quihus
855 2401 892 2446 eo
909 2385 1027 2461 turpior

54 2485 85 2530 ac
104 2470 309 2546 periculosior
327 2479 388 2544 est,
415 2485 475 2544 quo
496 2471 594 2544 plus
586 2485 616 2528 m
636 2468 695 2530 illis
712 2475 814 2528 mutat.
849 2467 925 2529 Sed
946 2475 1055 2548 cumn

55 2556 208 2624 primum
239 2553 292 2614 sit
319 2569 392 2614 non
424 2553 562 2628 irasci,
592 2552 800 2613 secundum
829 2551 1024 2624 detinere,

52 2639 205 2698 tertium
237 2637 390 2697 alienae
422 2653 576 2711 quoque
606 2637 687 2694 irae
711 2635 872 2706 mederi,
903 2634 1025 2693 dicam

53 2721 223 2794 primum,
249 2719 566 2795 quemadmodum
593 2721 629 2779 in
661 2717 753 2778 iram
779 2734 853 2778 non
872 2717 1024 2778 incida·

51 2801 1023 2880 mus,deindequemadmodumnosabillalibere-

50 2904 142 2962 mus,
181 2885 399 2947 novissime
439 2887 754 2961 quemadmodum
787 2885 1024 2946 irascentem

50 2973 286 3032 retineamus
307 2971 585 3046 placemusque
611 2969 711 3029 etad
735 2967 943 3030 sanitatem
963 2985 1023 3047 re-

51 3055 245 3116 ducamus.

104 3139 152 3199 Ne
167 3140 337 3199 irascamur
352 3137 591 3214 praestabimus
610 3137 636 3195 sl
653 3137 754 3198 omnia
768 3137 841 3196 vitia
855 3135 918 3196 irae
934 3137 1052 3198 nobis3

51 3221 179 3283 subinde
208 3221 463 3300 proposuerimus
488 3228 518 3280 et
542 3220 622 3280 illam
646 3219 725 3280 bene
744 3220 1023 3280 aestimaverimus.

50 3306 225 3368 accusanda
241 3315 289 3368 est
309 3305 391 3380 apud
406 3321 481 3378 nos,
503 3303 685 3364 damnanda.
720 3303 941 3378 perscrutanda
956 3303 1023 3364 eius

49 3392 124 3450 mala
140 3401 171 3451 et
185 3391 215 3450 in
230 3389 364 3451 medium
378 3387 584 3484 protrahenda
598 3395 676 3447 sunt.
656 3387 750 3448 tUt
764 3387 863 3461 qualis
876 3386 915 3446 sit
928 3387 1022 3460 adpa·
1033 3392 1051 3443 4

49 3481 123 3548 reat,
150 3473 350 3549 conparanda
364 3489 433 3532 cum
450 3471 592 3548 pessimis
608 3477 669 3531 est.
700 3469 825 3531 avaritia
844 3469 972 3542 acquirit
993 3473 1023 3524 et

49 3557 213 3634 contrahit,
236 3574 298 3632 quo
317 3555 427 3630 aliquis
443 3555 679 3618 melioraretur:
706 3556 864 3695 numaga*
881 3547 1023 3618 incendit,
