2554 3888
187 191 252 256 216
388 191 421 250 L.
443 189 589 250 ANNAEl
611 184 786 250 SENECAE
800 189 903 250 alni.
917 190 954 250 X.

188 349 258 406 dam
274 353 304 404 et
318 345 407 404 altius
423 344 461 402 de
476 350 505 402 te
519 341 717 416 promiseras.
738 341 804 402 Non
820 342 949 401 deerunt
962 349 992 400 et
1007 342 1163 417 frugalita-

189 430 228 490 tis
250 435 377 487 exactae
399 425 537 485 homines
559 433 588 484 et
602 425 913 506 laboriosaeoperae.
947 428 1166 500 tantocptiora'
1261 493 1262 512 χ

190 510 390 587 exportandis
416 509 559 569 oneribus
585 509 670 567 tarda
694 509 828 568 tumenta
849 515 920 568 sunt
934 525 1025 584 quam
1041 511 1165 570 nobiles
1261 523 1262 530 ¹

190 597 271 670 equi,
287 611 415 669 quorum
427 607 606 668 generosam
620 591 826 666 pernicitatem
839 593 908 666 quis
920 609 1063 666 umquam
1075 593 1164 667 gravi

160 681 311 739 asarcina
327 678 459 753 pressit?
480 676 584 750 Cogita
600 681 772 750 praeterea,
787 683 932 749 quantum
947 675 1166 736 sollicitudinis

190 762 230 823 sit
251 762 289 822 acl
310 767 422 822 tantam
437 768 466 820 te
481 761 590 820 molem
607 759 743 819 obicere:
759 773 828 820 cunr
841 766 946 818 ventre
961 759 1013 819 libi
1027 759 1165 820 humano

189 847 343 920 negotium
360 851 416 904 est.
444 859 500 902 nec
515 843 663 903 rationem
680 842 790 918 patitur
804 859 861 903 nec
878 843 1029 917 aequitate
1044 843 1162 917 mitiga-

189 939 238 990 tur
252 945 310 988 nec
324 929 384 988 ulla
400 941 490 1003 prece
501 926 632 986 flectitur
644 929 777 1000 populus
789 927 941 987 esuriens.
960 927 1054 988 lllodo
1067 927 1165 986 modo

190 1015 267 1072 intra
288 1027 405 1086 paucos
420 1012 489 1070 illos
504 1011 585 1083 dies,
613 1010 723 1085 quibus
740 1011 771 1069 d.
788 1011 901 1070 Caesar
915 1009 1020 1086 periit,
1047 1012 1074 1070 si
1091 1011 1166 1085 quis

189 1097 294 1156 interis
311 1111 422 1155 sensus
438 1102 499 1167 est,
521 1094 579 1154 hoc
594 1092 774 1168 gravissime
792 1095 909 1166 terens,
926 1095 1011 1169 quod
1026 1095 1159 1155 decede-

189 1181 242 1240 bat
267 1182 382 1254 populo
405 1176 542 1238 Romano
570 1178 748 1252 superstite,
775 1185 892 1252 septem
918 1183 970 1237 cart
990 1184 1060 1237 octo
1079 1186 1166 1236 certe
1263 1219 1264 1222 ,

190 1265 307 1324 dierum
323 1263 437 1323 cibaria
452 1268 640 1336 superesset
654 1262 724 1320 dum
740 1260 791 1321 ille
803 1269 912 1334 pontes
924 1260 1053 1320 navibus
1065 1261 1164 1335 iungit

190 1354 220 1407 et
236 1347 350 1407 viribus
366 1347 473 1421 imperi
489 1346 577 1418 ludit,
592 1345 698 1403 aderat
713 1345 846 1404 ultimum
861 1347 1008 1404 malorum
1021 1344 1166 1404 obsessis

191 1447 332 1506 quoque,
349 1431 558 1490 alimentorum
575 1437 705 1502 egestas.
728 1429 820 1488 exitio
837 1444 933 1503 paene
949 1444 985 1487 ac
997 1429 1076 1488 lame
1088 1444 1162 1487 con·

191 1516 264 1574 stitit
285 1522 326 1586 et,
354 1529 434 1588 quae
450 1513 557 1571 lamcm
573 1513 724 1586 sequitur,
750 1527 850 1572 rerum
868 1512 999 1572 omnium
1013 1513 1102 1571 ruina
1116 1513 1163 1574 lu-

162 1598 264 1658 driosi
280 1605 310 1656 et
324 1597 440 1656 externi
457 1603 486 1654 et
499 1596 657 1656 infeliciter
672 1597 794 1670 superbi
810 1597 892 1671 regis
908 1595 1043 1655 imitatio.
1067 1595 1164 1668 Quem

190 1691 263 1742 tunc
288 1682 420 1739 animum
447 1679 618 1739 babuerunt
643 1679 699 1752 illi,
726 1680 838 1754 quibus
859 1687 924 1739 erat
940 1679 1083 1739 mandata
1100 1682 1162 1739 lrn-

191 1764 282 1824 menti
298 1763 411 1838 publici
426 1770 520 1822 curat
534 1779 619 1835 saxa,
636 1763 757 1835 serrum,
773 1763 870 1836 ignes,
887 1764 989 1823 caium
1002 1763 1165 1840 excepturi
1262 1795 1265 1808 ‹

192 1863 310 1907 summa
327 1847 568 1908 dissimulatione
588 1855 702 1907 tanturn
724 1849 800 1907 inter
819 1848 939 1907 viscera
954 1847 1073 1907 latentis
1089 1847 1163 1906 mali

190 1933 347 2006 tegebant,
365 1947 432 1990 curn
447 1931 564 1992 ratione
579 1931 703 1991 scilicet.
735 1931 884 2004 quaedam
900 1930 980 1990 enim
995 1931 1165 2004 ignoranti-

190 2017 248 2075 bus
265 2016 365 2088 aegris
381 2015 516 2074 curanda
531 2022 615 2075 sunt:
632 2029 727 2074 causa
740 2015 840 2074 multis
856 2013 1005 2074 moriendi
1017 2014 1072 2074 luit
1084 2030 1166 2074 mor-

189 2099 262 2158 bum
276 2115 365 2157 suum
379 2114 483 2156 nosse.

161 2193 177 2243 l
251 2181 328 2240 XIX
351 2181 466 2254 Recipe
480 2190 509 2240 te
524 2182 564 2240 ad
579 2181 655 2241 haec
670 2181 886 2256 tranquilliora,
904 2181 1023 2253 tutiora,
1035 2182 1166 2241 maiora.

170 2264 295 2323 Simile
315 2272 346 2324 tu
370 2271 457 2336 putas
473 2280 557 2333 esse,
584 2272 683 2325 ulrum
701 2281 806 2336 cures,
832 2272 865 2325 ut
878 2266 1084 2340 incorruptum
1101 2274 1165 2324 cta

191 2347 299 2406 lraude
314 2346 526 2407 advehentium
542 2355 572 2407 et
584 2365 601 2406 a
613 2349 804 2423 neglegentia
815 2350 997 2414 trumentum
1009 2351 1164 2408 transiun-

191 2431 323 2490 daturin
339 2431 464 2504 horrea,
484 2447 522 2490 ne
537 2441 686 2508 concepto
702 2433 829 2492 h'umorc
845 2434 963 2493 vitietur
977 2441 1008 2493 et
1022 2433 1164 2492 concalc-

191 2521 266 2587 scat,
283 2522 314 2574 ut
328 2515 368 2574 ad
382 2530 554 2576 mensuram
572 2518 758 2591 pondusque
772 2506 967 2590 respondeat,
984 2533 1021 2576 an
1033 2516 1166 2576 adhaec

191 2614 280 2658 sacra
295 2606 324 2658 et
339 2598 480 2659 sublimia
494 2601 626 2659 accedas
642 2601 789 2673 sciturus
809 2616 889 2674 quae
904 2601 1035 2668 materia
1036 2597 1086 2659 sit
1100 2600 1162 2672 dis,

192 2697 272 2755 quae
289 2684 440 2756 voluptas,
458 2699 537 2757 quac
550 2683 699 2754 condicio,
717 2699 796 2758 quae
811 2685 929 2744 lormat
944 2678 1020 2758 quis
1029 2684 1162 2743 animum

189 2772 275 2824 tuum
297 2780 388 2824 casus
404 2773 576 2840 exspectet,
598 2767 650 2826 ubi
665 2784 722 2828 nos
738 2775 767 2828 ct
782 2784 799 2826 a
814 2766 998 2842 corporibus
1014 2767 1165 2826 dimissos

190 2856 298 2908 natura
314 2857 488 2923 conponat?
515 2851 587 2924 quid
603 2851 642 2910 sit
657 2852 741 2926 quod
756 2850 845 2910 huius
860 2851 965 2910 mundi
979 2850 1163 2925 gravissima

191 2948 333 3008 quaeque
354 2933 384 2992 in
405 2934 505 2992 medio
526 2934 688 3008 sustinent,
716 2950 811 3008 supra
829 2936 906 2994 levia
922 2935 1108 3009 suspendat,
1131 2931 1163 2992 in

191 3031 341 3076 summum
356 3017 457 3091 ignem
472 3019 562 3092 ierat,
579 3018 680 3078 sidera
695 3017 812 3078 vicibus
828 3019 893 3078 suis
909 3019 1040 3078 excitett
1061 3025 1163 3077 cetera

156 3108 175 3160 a
191 3099 338 3174 deinceps
360 3101 532 3175 ingentibus
554 3103 644 3176 plena
658 3103 820 3162 miraculis.
851 3102 907 3161 Vis
926 3109 956 3163 tn
970 3102 1075 3161 relicto
1093 3100 1163 3162 solo

191 3191 290 3240 mente
304 3183 345 3242 ad
359 3183 417 3245 ista
431 3185 608 3259 respicere?
624 3201 715 3258 nunc,
731 3187 803 3246 dum
816 3187 894 3244 calet
906 3186 1041 3260 sanguis,
1058 3185 1162 3258 vigen-

190 3266 271 3325 tibus
286 3267 325 3324 ad
339 3268 466 3341 meliora
480 3271 611 3328 eundum
628 3277 683 3330 cst.
705 3271 874 3344 Exspectat
888 3277 917 3329 te
933 3270 963 3328 in
978 3269 1037 3328 hoc
1049 3283 1164 3342 genere

191 3349 270 3408 vitae
285 3349 409 3408 multum
423 3351 572 3411 bonarum
588 3355 704 3427 artium,
720 3370 806 3413 amor
817 3355 957 3414 virtutum
970 3359 1061 3425 atque
1074 3367 1162 3420 usus

190 3432 389 3506 cupiditatum
412 3433 540 3509 oblivio,
565 3437 689 3496 vivendi
710 3453 747 3497 ac
761 3437 910 3498 moriendi
930 3436 1073 3510 scientia,
1102 3436 1163 3493 ulta
