2528 3906
177 277 231 336 AD
252 275 437 334 lineolam
460 275 509 334 DE
532 271 833 342 CONSOLATIONE.
858 282 943 335 2-40
988 274 1049 336 115

67 437 252 504 gratumque
268 425 394 485 extremi
412 441 582 484 sermonem
605 425 667 484 oris
682 426 811 484 haurire.
838 429 929 502 longo
944 427 1050 488 itinere

66 509 217 586 reliquias
244 509 335 570 Drusi
367 509 415 568 sui
445 515 611 583 prosecuta
642 516 686 568 tot
710 526 765 582 per
790 526 911 569 omnem
935 512 1056 572 ltaliam

9 663 10 666 Ἴ
69 591 370 666 ardentibusrogis,
393 593 480 666 quasi
504 593 614 651 totiens
635 593 718 652 illum
737 593 900 667 amitteret,
923 595 1050 668 inritata,

69 687 102 740 ut
122 679 253 754 primum
276 683 375 736 umen
399 676 497 735 intulit
518 677 648 746 tumulo,
671 677 759 734 simul
780 684 810 735 et
825 678 905 735 illum
921 687 950 737 et
966 679 1051 738 dolo-

69 779 135 822 rem
157 779 248 822 suum
271 761 386 834 posuit,
414 775 471 817 nee
494 760 563 833 plus
586 759 682 819 doluit
703 775 794 834 quarn
815 769 866 820 aut
888 761 1050 821 honestum

71 854 136 906 erat
151 843 275 904 Caesari
290 851 341 903 aut
354 859 486 918 aequum
502 843 597 902 matri.
625 860 684 902 non
707 843 798 903 desiit
812 844 945 919 denique
960 845 1049 904 Drusi

71 931 118 989 sui
135 929 292 988 celebrare
307 943 434 1001 nomen,
456 926 570 999 ubique
585 927 666 986 illum
680 927 741 986 'sibi
758 928 897 1001 privatim
913 928 1048 1003 publice-

72 1029 132 1088 que
156 1018 405 1086 repraesentare,
439 1010 637 1070 libentissime
663 1012 701 1070 de
726 1011 777 1070 illo
804 1013 903 1086 loqui,
934 1013 972 1071 de
997 1012 1048 1071 illo

72 1097 193 1158 audire:
223 1111 290 1154 cum
311 1094 456 1154 memoria
475 1095 557 1154 illius
577 1095 674 1167 vix[r't.
708 1100 808 1168 qaam]
834 1111 923 1154 nemo
950 1104 1051 1169 potest

69 1181 203 1239 retinere
228 1186 258 1238 et
278 1181 484 1250 frequentare,
512 1177 563 1252 qui
589 1178 670 1236 illam
691 1177 806 1238 tristem
828 1179 887 1238 sibi
907 1179 1049 1238 reddidit.

69 1264 156 1338 Elige
171 1261 283 1337 itaque,
299 1271 397 1321 utrum
413 1263 587 1334 exemplum
603 1270 692 1334 putes
708 1262 913 1334 probabilius:
935 1264 961 1322 si
976 1263 1078 1322 illude

71 1347 158 1421 prius
180 1346 269 1420 sequi
285 1346 347 1418 vis,
371 1343 479 1403 eximis
494 1353 523 1404 te
538 1361 663 1404 numero
679 1345 827 1403 rivorum.
855 1346 1049 1405 aversaberis

71 1439 101 1490 et
114 1430 233 1488 alienos
248 1429 361 1488 liberos
377 1436 406 1487 et
420 1427 498 1501 luos,
515 1429 645 1503 ipsaque
658 1428 839 1488 desiderans
851 1427 936 1487 triste
950 1427 1049 1488 matri-

70 1515 130 1574 bus
158 1528 247 1574 omen
281 1527 455 1584 occurrere,
486 1515 658 1586 voluptates
683 1512 845 1585 honestas,
874 1513 1049 1586 permissas,

71 1607 227 1670 tamquam
254 1611 359 1670 parurn
387 1596 518 1660 decoras
544 1597 682 1656 lortunae
707 1605 777 1656 tuae
799 1595 925 1666 reicies,
952 1595 1052 1654 invisa

72 1681 215 1740 haerebis
237 1681 266 1737 in
288 1679 356 1738 luce
378 1687 408 1737 et
423 1680 512 1739 aetati
534 1685 620 1752 tuae,
639 1681 722 1754 quod
745 1696 805 1738 non
829 1681 1007 1754 praecipitet
1022 1687 1050 1739 te

73 1762 298 1840 quamprirnum
321 1770 350 1822 et
364 1763 463 1834 finiat,
484 1763 682 1822 infestissima
703 1763 773 1822 eris.
805 1763 888 1838 quod
910 1765 1049 1836 turpissi-

71 1865 151 1908 mum
176 1845 457 1920 alienissimumque
484 1853 532 1906 est
551 1845 650 1906 animo
672 1854 724 1905 tuo
746 1848 775 1904 in
799 1847 953 1906 meliorem
978 1854 1049 1906 noto

72 1939 206 2006 partem,
222 1931 367 1990 ostendes
382 1937 411 1989 te
428 1929 530 1988 vivere
544 1931 640 2002 nolle,
659 1930 736 1990 mori
750 1947 811 1989 non
829 1946 931 2004 posse.
965 1929 997 1989 st
1012 1929 1079 1993 adl

72 2017 131 2074 boo
147 2010 297 2073 maximae
319 2013 447 2073 lernlnae
467 2020 496 2073 te
516 2015 688 2087 exemplum
710 2014 895 2088 adplicueris
911 2014 1049 2073 modera—

73 2101 133 2159 tius
146 2114 182 2156 ac
196 2096 306 2170 mitius,
321 2113 381 2159 non
395 2097 455 2155 eris
467 2097 497 2156 in
509 2098 661 2157 aerumnis
674 2113 730 2156 nec
744 2107 770 2158 te
783 2097 938 2158 tormentis
951 2111 1050 2154 mace-

72 2183 165 2241 rabis.
193 2197 271 2255 qnae
286 2181 379 2252 enim,
397 2182 517 2252 malum,
533 2182 663 2240 amentia
679 2188 725 2241 est
741 2198 856 2256 poenas
873 2197 890 2240 a
905 2197 939 2240 se
954 2180 1049 2238 inleli-

73 2266 171 2326 citatis
194 2265 318 2338 exigere
342 2273 372 2325 et
393 2267 471 2323 mala
493 2281 548 2324 sua
570 2271 703 2338 augerer
735 2283 824 2341 quam
847 2265 875 2324 in
894 2265 973 2324 omni
991 2264 1051 2322 vita

74 2349 206 2408 servasti
228 2364 343 2406 morum
365 2348 547 2423 probitatem
562 2355 592 2407 et
608 2349 835 2421 verecundiam,
857 2348 886 2408 in
902 2348 959 2407 bac
976 2365 1050 2422 quo-

75 2449 136 2507 que
150 2449 184 2492 re
203 2431 389 2506 praestabis:
413 2439 459 2490 est
479 2432 557 2491 enim
581 2434 730 2504 quaedam
752 2440 781 2491 et
802 2432 925 2491 dolendi
946 2432 1049 2490 mode-

74 2519 141 2576 stia.
170 2516 253 2574 illum
269 2515 368 2589 ipsum
385 2514 542 2587 iuvenem,
562 2514 772 2588 dignissimum
790 2517 900 2590 [quite]
918 2515 1065 2588 quietam'

75 2615 199 2674 semper
222 2599 394 2659 nonrinatus
428 2600 639 2673 cogitatusque
665 2599 769 2670 saciat,
801 2597 926 2656 meliore
953 2611 1049 2670 pones

73 2685 153 2756 loco,
170 2683 196 2740 si
212 2683 298 2742 matri
313 2697 388 2742 suae
404 2682 606 2756 qualisvivus
623 2682 748 2754 solebat,
761 2681 925 2754 hilarisque
940 2689 969 2738 et
981 2695 1049 2738 oum

74 2767 186 2840 gaudio
203 2766 343 2826 occurrit.
907 2783 908 2786 ¹

137 2849 189 2906 IV.
211 2848 275 2910 Nec
290 2849 369 2908 lead
387 2849 512 2908 fortiora
527 2849 635 2908 ducam
651 2855 826 2923 praecepta,
841 2855 875 2906 ut
886 2845 1073 2910 inhumanat
1103 2879 1105 2887 v

74 2935 154 2991 terre
168 2931 300 2990 humana
316 2932 434 2990 iubeam
457 2932 564 3004 modu,
587 2940 620 2992 ut
640 2933 710 3008 ipso
733 2931 853 2990 funebri
873 2931 922 2990 die
943 2926 1050 2991 oeulos

74 3016 179 3074 matris
194 3016 362 3074 exsiocem:
391 3015 429 3072 ad
446 3015 589 3074 arbitrum
610 3023 710 3076 tecum
731 3015 867 3074 veniam:
893 3013 953 3074 hoc
973 3013 1051 3072 inter

75 3116 134 3160 nos
150 3109 331 3174 quaeretur,
353 3106 452 3158 utrum
469 3113 599 3172 magnus
614 3099 702 3160 dolor
716 3113 787 3158 esse
803 3098 913 3158 debeat
927 3114 964 3158 an
983 3113 1051 3170 per-

74 3191 196 3258 petuus
226 3199 286 3241 non
303 3182 407 3241 dubito
425 3183 495 3256 quin
515 3183 607 3241 lullae
620 3185 794 3256 Augustae,
818 3198 908 3256 quarn
925 3180 1049 3239 familia-

73 3268 145 3326 riter
157 3265 287 3338 coluisti‚
301 3265 399 3340 magis
411 3265 462 3324 tibi
478 3267 595 3338 placeat
606 3267 794 3341 exemplum:
807 3265 857 3324 illa
868 3273 897 3324 te
909 3265 948 3322 ad
962 3279 1049 3323 suum
1062 3273 1079 3322 2

74 3350 234 3412 consilium
251 3356 348 3409 vocat.
369 3349 419 3406 illa
435 3349 463 3408 in
480 3349 578 3422 primo
594 3349 722 3422 fervore,
738 3364 807 3408 eum
821 3349 951 3408 maxime
965 3347 1049 3420 inpa-

73 3435 182 3494 tientes
203 3434 387 3506 ferocesque
408 3439 479 3491 sunt
497 3430 654 3501 miseriae,
679 3433 877 3509 consol[olori
893 3437 935 3501 se]
954 3431 1046 3498 Areo,

72 3516 260 3592 philosopho
288 3516 344 3580 viri
371 3515 433 3590 sui,
460 3515 598 3590 praebuit
619 3524 648 3574 et
666 3517 790 3576 multum
819 3530 885 3596 eam
901 3529 963 3570 rem
981 3526 1051 3582 pro-

850 3595 889 3656 Β*
