2528 3906
178 234 232 293 ΑΙ)
255 234 479 294 GALLIONEM
505 235 557 295 DE
577 236 671 296 VITA
689 236 831 298 ΒΕΑΤΑ.
857 245 944 300 3-5.
991 234 1053 298 143

77 386 379 448 dicamus-bominem
396 403 481 458 cum,
503 385 552 446 cui
567 388 682 448 nullum
696 387 810 448 bouum
825 390 998 464 malumque
1012 390 1053 450 sit

77 469 247 530 nisibenus
264 470 424 546 malusque
441 469 576 530 animose
597 471 718 531 bonesti
734 473 840 545 cultor,
854 473 964 532 virtute
978 487 1049 534 cou-

77 561 188 626 lentus,
216 568 306 628 quem
330 570 387 614 nec
415 555 562 614 extollant
587 554 711 614 fortuita
735 570 793 614 nec
818 555 972 630 frangant,
998 557 1051 630 qul

77 638 189 698 nulium
203 637 301 697 maius
313 637 427 698 bonum
443 652 480 697 eu
497 637 581 712 quod
596 637 655 698 sibi
668 638 738 712 ipsc
753 638 829 698 dare
842 645 946 712 potest
957 654 1050 699 nove·

77 725 123 793 rit,
146 719 196 782 'cui
211 735 286 782 vera
301 721 445 798 voluptas
460 721 516 782 crit
529 721 716 796 voluptatum
731 720 928 796 contemptio.
942 722 1084 798 ‚Liceat

78 805 100 862 sl
114 804 238 880 evagari
256 805 346 880 velis,
368 806 448 866 idem
469 805 499 864 in
521 805 610 866 aliam
625 812 717 879 atquc
732 804 821 865 aliam
839 804 948 864 faciem
964 807 1051 866 salva

77 894 103 948 el
121 887 240 964 integra
261 896 413 964 potestate
432 890 608 964 transierrc.
636 887 710 962 quid
731 890 810 949 enirn
831 889 972 964 prohibet
992 903 1050 956 nos

79 974 189 1034 beatam
206 973 298 1032 vllam
312 973 415 1034 dicere
431 971 558 1033 liberum
575 971 705 1032 animum
721 979 751 1032 et
764 979 898 1033 erectum
914 979 945 1032 et
960 973 1050 1032 inter·

78 1056 161 1115 ritum
176 1073 214 1116 ac
229 1055 384 1126 stabilem,
402 1063 487 1116 extra
502 1063 627 1126 metum,
646 1063 733 1116 extra
754 1056 950 1130 cupiditatem
966 1056 1050 1131 posi-

77 1146 151 1213 tum,
170 1140 220 1200 cui
242 1149 334 1200 unum
351 1139 464 1199 bonum
484 1139 524 1199 sit
538 1138 700 1212 honestus,
722 1156 816 1200 unum
829 1139 941 1200 maium
956 1140 1050 1214 turpi-

77 1223 160 1296 tudo,
185 1230 289 1282 cetera
309 1223 375 1283 vilis
396 1223 483 1282 turba
504 1239 606 1282 rerum
625 1236 683 1280 uec
703 1222 867 1283 detrahens
886 1223 1049 1298 quicquam

77 1306 178 1366 beatae
195 1307 276 1366 vitoe
287 1322 344 1366 nec
355 1305 503 1377 adiciens,
519 1307 586 1366 sinc
597 1313 690 1364 auctu
701 1321 737 1365 ac
748 1306 927 1368 detrimento
940 1307 1048 1366 summi

78 1389 143 1449 boni
157 1390 287 1450 veniens
302 1405 338 1449 ac
354 1390 514 1450 recedens.
539 1389 606 1450 Hoc
620 1389 662 1448 ila
676 1389 834 1450 fundatum
848 1403 978 1450 neeesse
993 1395 1081 1463 cst-l

78 1474 144 1534 velit
156 1473 241 1547 nolit,
257 1481 403 1547 sequatur
416 1471 706 1533 hilaritcscontinua
720 1479 749 1532 cl
762 1471 874 1533 laetitia
887 1474 947 1534 alta
958 1477 1050 1547 atque

79 1572 112 1614 ex
126 1558 185 1618 alto
202 1557 344 1629 veniens,
365 1563 399 1616 ut
419 1572 498 1632 quae
519 1557 583 1616 suis
599 1555 732 1630 gaudeat
745 1571 802 1622 nec
815 1555 930 1616 maiora
945 1556 1048 1617 dome-

78 1639 157 1700 sticis
171 1641 284 1715 cupiat.
314 1639 424 1713 Quidni
444 1640 503 1700 ista
517 1640 596 1699 bene
610 1647 722 1714 penset
734 1655 803 1700 cum
817 1640 940 1699 minutis
955 1647 985 1699 et
999 1639 1049 1698 iri-

78 1724 150 1783 volis
171 1733 202 1784 et
227 1739 288 1783 nnn
318 1723 587 1798 perseverantibus
607 1723 783 1798 corpusculi
802 1724 954 1784 motibus?
988 1741 1050 1798 quo

80 1806 123 1865 die
141 1810 220 1888 inira
243 1808 428 1882 voluptatem
451 1807 556 1880 luerit,
575 1814 606 1866 ct
619 1807 699 1866 inira
715 1807 852 1866 dolorem
868 1807 934 1866 erit.
964 1807 1049 1865 vides

81 1899 187 1962 aulem,
217 1905 308 1965 uuum
332 1891 440 1950 maiam
463 1898 493 1951 et
512 1890 673 1952 noxiosam
688 1890 863 1950 servitutem
879 1889 1049 1948 serviturus

80 1973 127 2047 sit,
152 1991 245 2050 quem
266 1975 439 2048 voluptates
461 1973 664 2049 doloresque,
689 1971 1051 2035 incertissimadominia

79 2056 390 2133 inpotentissimaque,
409 2056 534 2118 alternis
548 2057 766 2132 possidebunt=
789 2071 865 2131 ergo
878 2056 1081 2118 exeundumb

80 2141 115 2199 ud
128 2141 296 2202 libertatern
311 2149 367 2202 cst.
387 2141 466 2201 hanc
477 2157 539 2202 non
554 2139 614 2202 alia
624 2157 675 2202 res
691 2141 795 2202 tribuit
807 2156 898 2215 quam
911 2142 1050 2200 fortunae

79 2225 280 2300 neglegendm
300 2233 363 2286 tum
377 2225 450 2286 iliud
466 2226 579 2286 orietur
590 2223 811 2285 inaestimabile
822 2225 944 2297 bonum,
962 2224 1050 2298 quies

79 2310 181 2368 mantis
199 2311 308 2370 intuto
325 2311 484 2369 conlocata
500 2315 530 2368 et
544 2307 713 2368 sublimitas
733 2307 934 2382 cxprdsisque
955 2314 1049 2368 terro-

79 2390 156 2452 ribus
181 2409 222 2452 ex
256 2392 428 2467 cognitione
451 2392 516 2452 veri
542 2391 686 2466 gaudium
710 2392 825 2466 grande
851 2397 881 2450 et
905 2391 1051 2450 inmotum

80 2474 265 2551 comitasque
281 2483 311 2536 ct
325 2475 448 2536 diffusio
469 2475 575 2548 animi,
597 2473 707 2550 quibus
728 2474 927 2550 delectabitur
942 2488 1003 2533 non
1019 2481 1052 2532 ut

80 2557 173 2632 bonis,
189 2560 244 2619 sed
260 2567 346 2619 ulex
361 2560 443 2619 bono
461 2576 518 2620 suo
535 2557 619 2636 ortis.

137 2644 174 2701 V.
204 2642 353 2716 Quoniam
377 2642 541 2704 liberaliter
566 2656 658 2716 agere
682 2641 787 2714 coepi,
816 2647 918 2713 potest
941 2638 1076 2698 beatus}

81 2725 149 2796 dici,
167 2727 219 2800 qui
235 2726 391 2800 neccupit
405 2741 462 2784 nec
478 2725 562 2786 timet
575 2723 725 2784 beneficio
740 2722 877 2784 rationis.
908 2723 1049 2797 quoniam
1087 2773 1090 2778 .

81 2816 107 2867 et
121 2825 195 2868 saxo
213 2811 321 2870 timore
336 2817 366 2870 et
380 2809 499 2870 tristitia
513 2815 689 2868 carentnec
704 2807 804 2868 minus
821 2807 971 2883 pecudes,
989 2822 1050 2866 non

81 2891 149 2952 ideo
162 2899 261 2952 tamen
281 2893 445 2968 quisquam
463 2892 563 2954 felicia
579 2891 703 2966 dixerit,
719 2890 832 2966 quibus
847 2907 908 2950 non
924 2898 975 2950 est
988 2890 1051 2950 ieli-

82 2973 173 3036 citalis
197 2977 378 3038 intellectus.
409 2977 517 3036 eodem
539 2976 609 3035 loco
631 2991 713 3050 pone
734 2975 889 3047 homineS,
917 2990 996 3048 quos
1021 2973 1082 3034 inu

81 3073 231 3120 numerum
248 3076 393 3136 pecorum
415 3067 446 3119 el
466 3059 639 3120 animalium
653 3057 771 3134 redegit
788 3058 884 3118 hebes
899 3065 1007 3120 natura
1023 3066 1053 3116 et

82 3141 223 3213 ignoratio
239 3145 298 3205 sui.
320 3143 395 3204 nillil
409 3145 535 3204 interest
547 3143 625 3204 inter
638 3141 696 3230 bos
711 3149 741 3202 ct
755 3142 819 3216 illa,
834 3141 977 3215 quoniam
993 3141 1051 3200 illis

82 3227 156 3286 nulla
170 3229 245 3289 ratio
260 3235 316 3301 est,
333 3227 381 3288 his
396 3243 492 3302 prava
507 3233 537 3286 et
551 3227 631 3286 malo
648 3241 705 3286 suu
720 3232 812 3300 atque
824 3223 855 3284 in
870 3237 1051 3300 perversum

83 3311 196 3370 sollcrs.
228 3313 336 3372 beatus
359 3312 437 3370 enim
460 3326 549 3371 nemo
572 3309 642 3369 dici,
659 3315 761 3384 polest
785 3316 871 3368 extra
895 3307 1050 3367 veritatem

83 3391 238 3463 proiectus.
267 3396 362 3472 Beata
377 3402 461 3467 ¹crgo
474 3394 534 3454 vita
552 3401 600 3454 est
618 3392 648 3452 in
671 3400 755 3454 recto
772 3399 919 3466 certoque
938 3388 1048 3448 iudicio
1063 3397 1081 3446 3

84 3475 203 3537 stabilita
216 3485 247 3538 et
259 3477 452 3538 inmutabilis.
476 3486 548 3538 tunc
563 3477 642 3538 enim
658 3492 735 3551 pura
749 3491 836 3536 mens
849 3481 897 3534 est
909 3479 939 3531 ct
950 3472 1051 3530 soluta
