2528 3906
193 213 234 278 76
483 213 516 272 L.
538 213 684 272 ANNAEl
707 211 881 292 SENECAE

164 365 318 442 squidem
347 363 500 440 expediat.
535 363 566 422 C.
588 363 700 422 Caesar
720 362 856 424 Pastoris
883 362 1036 438 splendidi
1062 362 1180 440 equitis

192 449 320 510 Romani
341 448 436 508 filium
457 463 526 507 cum
546 447 576 506 in
599 447 738 508 custodia
757 447 916 506 habuisset
935 447 1090 508 munditiis
1107 450 1180 510 eius

194 540 223 592 et
238 530 415 592 cultioribus
438 531 556 606 capillis
579 529 735 605 offensuS,
755 539 883 604 rogante
897 537 983 605 patre
997 537 1031 590 ut
1046 533 1179 592 salutem
1254 535 1255 540 ’

194 615 252 676 sibi
275 615 327 674 filli
344 615 540 688 concederet,
564 615 653 688 quasi
673 614 713 673 de
733 613 886 690 supplicio
908 613 1080 674 admonitus
1103 615 1179 675 duci

195 699 333 774 protinus
347 696 445 760 iussit.
474 713 513 756 ne
526 704 625 758 tamen
641 698 741 758 omnia
754 695 920 757 inhumane
936 699 1050 758 laceret
1064 699 1177 758 adver·
1254 727 1255 730 ¹

165 799 262 853 4sum
277 790 408 857 patrem,
431 782 470 840 ad
485 795 613 840 coenam
628 781 711 840 illum
726 797 764 841 eo
780 781 829 840 die
847 780 993 840 invitavit.
1014 781 1106 842 Venit
1119 783 1178 841 Pa'-

195 873 260 926 stor
274 867 358 926 voltu
373 864 445 924 nihil
460 865 673 940 exprobrante.
701 864 875 940 propinavit
896 863 937 922 illi
953 865 1066 924 Caesar
1081 865 1179 924 herni-

195 956 310 1008 namet
329 947 434 1023 posuit
446 947 488 1007 illi
504 948 672 1008 custodem.
694 948 872 1023 perduravit
886 947 993 1022 miser,
1010 964 1071 1008 non
1087 950 1179 1008 aliter

196 1033 333 1106 quamsi
354 1033 407 1090 filii
428 1033 605 1106 sanguinem
625 1031 751 1092 biberet.
784 1037 969 1106 unguentum
993 1039 1023 1090 et
1042 1047 1179 1092 coronas

194 1115 276 1176 misit
296 1123 326 1176 et
347 1116 513 1175 observare
533 1116 623 1176 iussit
641 1131 679 1174 an
701 1123 847 1176 sumeret:
869 1115 1009 1190 sumpsit.
1046 1115 1092 1176 Eo
1115 1117 1178 1190 die,

196 1217 257 1275 quo
280 1199 375 1259 filium
397 1201 560 1273 extulerat,
587 1200 678 1260 immo
701 1216 761 1273 quo
783 1216 844 1260 non
865 1200 1029 1271 extulerat,
1055 1197 1180 1260 iacebat

195 1283 326 1344 conviva
349 1283 534 1343 centesimus
557 1289 587 1344 et
613 1283 756 1358 potiones
783 1283 834 1342 vix
854 1282 1001 1343 honestas
1024 1283 1179 1342 natalibus

195 1367 359 1427 liberorum
375 1367 562 1442 podagricus
579 1381 674 1426 senex
689 1366 862 1438 hauriebat,
886 1381 954 1426 cum
975 1364 1093 1426 interim
1114 1383 1178 1426 non

194 1452 349 1511 lacrimam
365 1449 471 1522 emisit,
487 1466 547 1510 non
563 1451 699 1510 dolorem
714 1449 817 1524 aliquo
830 1450 917 1523 signo
930 1465 1091 1524 erumpere
1104 1465 1178 1524 pas-

196 1551 250 1595 sus
266 1541 322 1594 est.
352 1533 493 1594 coenavit
512 1539 666 1608 tamquam
681 1549 739 1608 pro
760 1533 822 1594 lilio
842 1541 1013 1593 exorasset.
1043 1534 1178 1607 quaeris,

169 1625 314 1695 5quaret
337 1616 468 1676 habebat
482 1616 619 1676 alterum.
654 1615 730 1688 Quid
752 1617 802 1676 ille
821 1615 979 1676 Priamus?
1001 1632 1063 1676 non
1085 1615 1178 1676 dissi·

190 1700 320 1760 mulavit
341 1701 415 1760 iram
441 1706 471 1759 et
491 1699 573 1774 regis
601 1715 701 1774 genua
722 1701 901 1775 complexus
926 1707 996 1760 est?
1023 1701 1178 1760 funestam

131 1803 140 1810 .
196 1785 415 1859 perfusamque
430 1799 540 1844 cruore
552 1781 605 1846 lilii
619 1799 741 1842 manum
755 1785 795 1844 ad
811 1799 847 1844 os
863 1800 952 1844 suum
972 1784 1088 1856 retulit,
1104 1799 1176 1846 coe-

195 1867 298 1928 navit?
317 1867 374 1927 sed
393 1873 494 1927 tamen
514 1868 581 1928 siue
600 1875 771 1941 unguento,
794 1867 861 1928 sine
882 1869 1019 1942 coronis,
1044 1873 1073 1926 et
1092 1869 1178 1926 illum
1254 1921 1255 1930 ,

195 1951 293 2012 hostis
309 1949 510 2012 saevissimus
524 1951 626 2012 multis
642 1951 774 2024 solatiis,
788 1958 822 2011 ut
836 1952 935 2012 cibum
950 1957 1089 2026 caperet,
1105 1951 1177 2011 hor·
1254 1981 1255 2022 t

194 2043 276 2096 tatus
292 2041 355 2109 cst,
377 2051 437 2094 nnn
455 2043 487 2096 ut
504 2035 616 2110 pocula
635 2034 770 2109 ingentia
785 2051 881 2110 super
895 2043 987 2110 capnt
1001 2033 1104 2110 posito
1123 2050 1176 2094 cu-

166 2115 286 2187 nsto'de
302 2119 442 2178 siccaret.
471 2117 719 2192 Contempsisses
733 2120 902 2180 Romanum
921 2126 1052 2193 patrem,
1075 2117 1103 2178 si
1118 2118 1177 2178 sibi
1254 2163 1255 2200 ἦ

197 2201 361 2262 timuisset:
385 2217 466 2260 nunc
486 2201 562 2262 iram
586 2201 767 2276 conpescuit
784 2204 890 2278 pictas.
918 2204 1029 2277 dignus
1050 2202 1106 2261 luit
1127 2202 1177 2261 cui
1254 2225 1255 2282 r

197 2285 383 2360 permitteret
396 2301 416 2344 a
431 2285 572 2347 convivio
587 2286 627 2345 ad
643 2302 718 2347 ossa
732 2286 784 2346 lilii
800 2287 931 2362 legenda
945 2286 1115 2346 discedere.
1136 2301 1177 2344 ne
1254 2293 1255 2318 ³

196 2369 256 2429 hoc
284 2365 405 2442 quidem
430 2369 568 2443 permisit
586 2369 737 2444 benignus
765 2369 881 2430 interim
904 2378 934 2429 et
955 2369 1050 2430 cornis
1071 2369 1177 2429 adule-
1254 2377 1255 2384 ’

123 2502 129 2516 ,
175 2510 181 2522 ,
199 2468 307 2512 scens=
329 2453 593 2531 propinationibus
610 2469 715 2514 senem
731 2453 862 2528 crebris,
884 2460 917 2513 ut
932 2469 1006 2514 cura
1023 2453 1176 2524 leniretur,

196 2537 363 2597 admonens
375 2537 556 2598 lacessebat.
569 2545 673 2598 contra
685 2538 734 2596 ille
746 2553 780 2596 se
792 2539 903 2598 lactum
915 2543 945 2596 et
956 2537 1090 2610 oblitum,
1104 2537 1178 2611 quid

197 2637 234 2680 eo
251 2627 350 2680 actum
365 2628 449 2681 esset
465 2621 523 2694 die,
539 2622 696 2696 praestitit.
719 2619 853 2680 Perierat
867 2621 942 2680 alter
957 2620 1047 2695 filius,
1069 2621 1094 2679 si
1111 2635 1178 2678 car·

195 2703 278 2762 nifici
294 2705 424 2764 conviva
438 2707 692 2794 nonfflplacuisset.
1254 2767 1255 2776 ,

168 2788 179 2837 l
257 2787 390 2846 XXXlV.
417 2787 498 2862 Ergo
518 2789 563 2848 ira
586 2787 799 2848 abstinendum
818 2795 880 2861 est,
903 2788 969 2848 sive
988 2805 1043 2863 par
1057 2793 1106 2846 est
1125 2787 1179 2861 qni
1254 2789 1255 2830 l

195 2871 397 2930 lacessendus
424 2879 475 2932 est.
492 2873 558 2932 sive
584 2873 726 2948 superior
750 2872 816 2932 sive
837 2871 971 2931 inferior.
1006 2887 1074 2932 cum
1104 2886 1179 2944 pare

143 2969 145 2972 ·
197 2953 383 3014 contendere
410 2969 525 3030 anceps
546 2963 609 3030 est,
637 2971 705 3016 cum
728 2955 887 3030 superiore
914 2956 1080 3029 furiosum,
1106 2968 1177 3013 cum

196 3036 340 3102 interiore
364 3037 533 3098 sordidum.
578 3039 679 3114 pusilli
708 3039 838 3101 hominis
866 3045 970 3100 estet
999 3037 1104 3100 miseri
1130 3053 1178 3116 re-

197 3128 302 3195 petere
324 3121 522 3182 mordentem.
559 3139 661 3183 mures
683 3122 904 3198 lormicaeque,
932 3121 959 3182 si
980 3137 1101 3182 manum
1124 3122 1178 3180 ad÷

196 3204 346 3278 moveris,
369 3222 422 3266 ora
443 3213 636 3277 convertunt,
664 3205 817 3266 inbecillla
839 3222 874 3266 sc
893 3206 974 3266 laedi
998 3213 1120 3280 putant,
1151 3204 1178 3264 si

168 3293 366 3362 2tanguntur.
387 3289 491 3349 Faciet
502 3306 560 3350 nos
573 3291 717 3361 mitiores,
734 3291 760 3350 si
773 3289 1019 3364 cogitaverimus,
1035 3289 1108 3364 quid
1123 3287 1179 3347 ali-

197 3371 319 3446 quando
341 3373 600 3448 nobisprolnerit
619 3373 669 3432 ille
690 3372 738 3432 cui
758 3374 929 3448 irascimur,
951 3381 982 3432 et
1001 3372 1116 3432 meritis
1133 3372 1180 3432 oi·

196 3456 283 3516 iensa
304 3457 478 3516 redimetur.
513 3457 587 3516 lllud
605 3472 730 3531 quoque
746 3465 903 3533 occurrat,
926 3463 1072 3532 quantum
1087 3456 1180 3516 nobis
