2522 3906
260 241 363 301 DIAL.
382 243 435 302 lll.
458 244 510 302 DE
532 243 601 305 lan
621 245 694 305 LlB.
717 248 738 306 Ι.
754 253 853 312 6-8.
1006 247 1047 314 41

75 393 227 454 moderari.
262 409 334 452 nam
350 409 418 452 cnm
434 409 469 454 εε
482 393 513 453 in
528 396 732 469 possessione
747 406 924 474 posuerunt,
941 409 1048 476 polen-

75 479 144 538 liora
156 484 278 537 rectore
293 484 367 537 sunl
381 493 438 536 nec
457 476 552 538 recidi
574 493 610 538 se
629 479 763 541 minuive
785 483 948 556 patiunbur.
990 486 1078 547 lle-3

75 562 137 620 inde
157 561 235 621 ratio
259 560 347 636 ipsa,
375 562 424 620 cui
439 560 516 622 freni
530 563 704 637 traduntur,
729 565 847 625 tamdiu
870 575 1049 642 potensest

77 645 212 716 quamdiu
229 645 356 705 diducta
370 653 418 705 εει
432 645 472 704 ab
486 645 667 707 adfectibus.
709 647 736 707 si
757 649 880 710 miscuit
893 666 929 710 se
942 651 1001 711 illis
1019 661 1050 714 et

76 727 244 803 inquinavit,
268 745 329 789 non
344 736 447 804 potest
461 730 616 790 continere
631 747 710 805 quos
733 731 918 793 submovere
935 737 1048 810 potuis-

74 821 121 872 set
156 821 311 873 commota
325 813 404 872 enim
419 814 515 874 semel
530 820 561 873 ει
572 829 708 875 excussa
721 831 808 876 mens
823 817 850 876 ei
867 818 970 894 servit,
986 836 1047 894 quo

74 896 228 970 inpellitur.
262 896 467 970 Quarumdam
482 913 589 958 ‘rerum
610 897 693 959 initia
713 900 744 960 in
769 908 875 961 noslra
897 907 1078 977 potestates

74 987 153 1054 sunt,
174 981 323 1042 ulteriora
342 996 401 1040 nos
416 981 447 1040 vi
467 997 524 1041 sna
543 981 666 1056 rapiunt
686 1000 743 1044 nec
762 1000 939 1060 regressum
959 987 1048 1046 relin-

22 1075 23 1088 ’
72 1072 170 1139 quant.
203 1064 246 1125 Ul
259 1063 290 1124 in
308 1081 457 1140 praeceps
473 1065 552 1124 datis
567 1068 749 1141 corporibus
765 1070 879 1128 nullum
900 1071 947 1129 sui
970 1070 1049 1130 arbi-

70 1149 150 1208 trium
171 1157 221 1209 cst
243 1163 302 1208 nec
322 1147 466 1209 resistere
480 1150 632 1210 morarive
654 1151 772 1212 deiecta
793 1160 970 1227 potuerunt,
993 1155 1047 1214 sed

21 1249 23 1312 j
72 1233 226 1292 consilium
243 1249 334 1293 omne
349 1240 380 1292 et
393 1231 609 1307 poenitentiam
631 1236 847 1296 inrevocabilis
869 1237 1048 1312 praecipita·

21 1325 22 1344 ¹
72 1318 106 1377 tio
121 1315 256 1376 abscidit
271 1324 301 1376 et
315 1333 376 1376 non
393 1318 463 1376 lieet
477 1333 514 1378 eo
532 1333 594 1376 non
611 1321 782 1394 pervenire,
798 1336 860 1394 quo
877 1335 937 1379 non
953 1321 998 1379 ire
1014 1321 1047 1379 li-

72 1402 196 1460 cuisset:
226 1399 269 1460 ita
284 1401 405 1461 animus
421 1400 493 1460 siin
508 1402 599 1475 iram,
621 1419 755 1462 amorem
770 1404 911 1476 aliosque
925 1419 961 1462 se
976 1419 1048 1476 pro-

72 1485 135 1544 iecit
149 1484 306 1558 adiectus,
319 1501 381 1545 non
398 1485 578 1560 permittitur
591 1485 759 1560 reprimere
772 1487 918 1561 inpetum.
952 1487 1050 1560 rapiat

73 1569 145 1627 illum
161 1576 287 1642 oportet
308 1576 337 1628 ct
351 1570 389 1628 ad
408 1570 501 1628 imum
521 1576 592 1642 agat
613 1570 736 1644 pondus
754 1586 844 1631 suum
865 1569 1048 1631 elvitiorum

74 1661 172 1712 natura
187 1651 345 1727 proclivis.

124 1737 205 1796 Vlll.
242 1735 395 1811 Optimum
411 1744 458 1797 est
479 1738 608 1812 primum
629 1738 851 1797 inritamentum
872 1737 936 1797 irae
955 1737 1076 1813 proti-1

74 1837 122 1881 nus
136 1836 288 1896 spernere
302 1821 442 1896 ipsisque
455 1837 629 1896 repugnare
645 1821 812 1882 seminibus
829 1827 871 1894 [et
885 1822 959 1880 dare
975 1837 1048 1896 ope·

74 1920 128 1964 ram
142 1921 185 1964 ne
198 1903 371 1964 incidamus
386 1905 417 1963 in
431 1905 528 1978 innan.
555 1921 625 1964 nam
642 1907 668 1965 si
684 1905 787 1979 coepit
800 1906 880 1964 ierre
895 1911 1048 1964 transver-

75 2004 133 2062 sos,
154 1987 292 2048 difficilis
309 1990 349 2048 ad
364 1989 492 2050 saliatem
506 2005 653 2050 recursus
668 1995 730 2058 est,
753 1988 897 2062 quoniam
913 1987 985 2046 nihil
1001 2003 1048 2046 ra·

76 2073 155 2132 tionis
181 2081 245 2146 est,
271 2071 323 2133 ubi
346 2075 441 2132 semel
465 2075 604 2135 adiectus
630 2073 773 2133 inductus
799 2078 847 2132 εει
871 2072 982 2146 iusque
1006 2070 1049 2132 illi

76 2157 189 2230 aliquod
205 2158 362 2217 voluntate
375 2163 479 2216 nostra
491 2157 593 2218 datum
606 2164 668 2218 est:
684 2155 776 2217 iaciet
788 2157 827 2216 de
838 2165 939 2216 cetero
953 2169 1047 2231 quan-

76 2246 127 2298 tum
142 2243 239 2314 volet,
256 2257 317 2300 non
334 2248 479 2316 quantum
496 2240 682 2316 permiseris.
726 2241 759 2298 ln
777 2241 897 2314 primis,
913 2243 1076 2318 inquaml
1130 2297 1133 2302 .

76 2323 178 2384 linibus
197 2325 298 2385 hostis
318 2324 470 2384 arcendus
492 2333 548 2385 εει.
591 2341 660 2383 nam
683 2341 751 2386 cum
772 2323 893 2384 intravit
907 2332 937 2384 et
952 2324 1048 2398 portis

76 2422 104 2464 se
118 2406 223 2482 intulit,
241 2409 364 2468 modum
386 2423 405 2466 a
421 2407 551 2483 captivis
566 2425 626 2469 non
644 2409 763 2484 accipit.
788 2408 984 2482 nequeenim
1000 2422 1048 2466 se-

77 2493 186 2562 positus
201 2500 250 2552 εει
264 2493 384 2552 animus
398 2499 429 2552 et
442 2491 635 2552 extrinsecus
651 2493 827 2567 speculatur
842 2492 998 2562 adlectus,
1017 2496 1051 2548 ιιι

76 2572 134 2634 illos
153 2591 214 2634 non
238 2575 370 2650 patiatur
389 2576 469 2635 ultra
489 2592 580 2650 quam
601 2584 722 2651 oportet
741 2575 926 2650 procedere,
948 2572 1049 2632 sedin

77 2658 217 2720 adiectum
247 2660 317 2734 ipse
340 2666 472 2719 mutatur
496 2659 631 2736 ideoque
651 2675 713 2719 non
734 2663 838 2733 potest
850 2655 953 2716 utilem
968 2653 1050 2714 illam

77 2743 125 2800 vim
140 2750 170 2802 et
182 2744 365 2814 salutarem,
387 2743 538 2818 proditam
557 2745 616 2804 iam
634 2743 878 2816 infirmatamque
891 2755 1048 2800 revocare.

76 2823 130 2885 lion
144 2827 233 2900 enim,
250 2834 285 2888 ut
298 2826 371 2898 dixi,
389 2834 547 2902 separatas
567 2828 627 2887 ista
646 2827 739 2888 sedes
755 2840 829 2886 snas
845 2824 1078 2899 diductasqnes

75 2907 188 2984 habent,
212 2911 270 2972 sed
292 2911 431 2970 adiectus
446 2919 476 2970 et
488 2912 566 2972 ratio
582 2912 612 2970 in
629 2911 736 2970 melius
751 2910 903 2985 peiusque
924 2910 1048 2968 mutatio

77 2993 155 3054 animi
170 3001 227 3054 est.
266 2995 427 3068 Quomodo
443 3010 516 3069 ergo
531 2996 608 3055 ratio
625 3003 775 3068 occupata
791 3001 821 3052 et
836 3009 989 3068 oppressa
1005 2993 1049 3050 vi-

77 3076 115 3136 tiis
126 3086 277 3152 resurget,
295 3094 376 3153 quae
389 3079 452 3138 irae
467 3079 581 3138 cessit?
593 3085 644 3138 aut
657 3077 911 3153 quemadmodum
925 3091 964 3135 ex
976 3091 1047 3136 con-

78 3160 185 3222 tusione
200 3179 237 3222 se
251 3162 406 3235 liberabit,
422 3163 461 3222 in
484 3179 547 3236 qua
562 3163 699 3237 peiorum
714 3162 845 3220 mixtura
861 3160 1050 3235 praevaluit?

76 3242 143 3313 „Sed
167 3247 310 3321 quidam,
331 3246 443 3322 inquit,
465 3247 495 3305 in
516 3247 562 3304 ira
582 3262 617 3306 se
637 3246 822 3306 continent“
853 3245 961 3304 Uirum
975 3241 1078 3316 ergol

77 3327 119 3401 ita,
142 3337 176 3390 ut
200 3330 277 3389 nibil
297 3329 410 3389 iaciant
430 3345 536 3390 eorum
552 3343 631 3404 quac
645 3330 690 3389 ira
704 3330 798 3390 dictat
812 3344 850 3386 an
866 3333 900 3387 ut
912 3326 1050 3400 aliquid?

76 3411 96 3468 si
113 3413 182 3473 nibil
198 3414 332 3487 iaciunt,
358 3414 486 3489 adparet
505 3429 567 3474 non
582 3428 654 3473 esse
668 3413 707 3472 ad
723 3409 859 3472 actiones
881 3425 984 3498 rerum
996 3421 1048 3462 ne-

76 3497 231 3557 cessariam
246 3498 338 3570 iram,
361 3513 450 3573 quam
474 3513 547 3573 vos,
570 3497 658 3572 quasi
680 3496 787 3556 lortius
802 3493 917 3565 aliquid
931 3495 1047 3545 rauone
