<?xml version="1.0" encoding="UTF-8"?>
<!DOCTYPE html PUBLIC "-//W3C//DTD XHTML 1.0 Transitional//EN"
    "http://www.w3.org/TR/xhtml1/DTD/xhtml1-transitional.dtd">
<html xmlns="http://www.w3.org/1999/xhtml" xml:lang="en" lang="en">
 <head>
  <title>
</title>
<meta http-equiv="Content-Type" content="text/html;charset=utf-8" />
  <meta name='ocr-system' content='tesseract 3.04.00' />
  <meta name='ocr-capabilities' content='ocr_page ocr_carea ocr_par ocr_line ocrx_word'/>
</head>
<body>
  <div class='ocr_page' id='page_1' title='image "./operaquaesupers00senegoog_0312.png"; bbox 0 0 2546 3890; ppageno 0'>
   <div class='ocr_carea' id='block_1_1' title="bbox 374 542 772 626">
    <p class='ocr_par' dir='ltr' id='par_1_1' title="bbox 374 542 772 626">
     <span class='ocr_line' id='line_1_1' title="bbox 374 542 772 626; baseline 0 0"><span class='ocrx_word' id='word_1_1' title='bbox 374 545 408 626; x_wconf 76' lang='lat' dir='ltr'>ll</span> <span class='ocrx_word' id='word_1_2' title='bbox 435 542 581 626; x_wconf 86' lang='lat' dir='ltr'>llllll</span> <span class='ocrx_word' id='word_1_3' title='bbox 601 543 772 626; x_wconf 79' lang='lat' dir='ltr'>nullutn</span> 
     </span>
    </p>
   </div>
   <div class='ocr_carea' id='block_1_2' title="bbox 299 707 851 762">
    <p class='ocr_par' dir='ltr' id='par_1_2' title="bbox 299 707 851 762">
     <span class='ocr_line' id='line_1_2' title="bbox 299 707 851 762; baseline -0.002 0"><span class='ocrx_word' id='word_1_4' title='bbox 299 711 352 762; x_wconf 76' lang='lat' dir='ltr'>ab</span> <span class='ocrx_word' id='word_1_5' title='bbox 383 707 590 760; x_wconf 76' lang='lat' dir='ltr'>nullodum</span> <span class='ocrx_word' id='word_1_6' title='bbox 618 709 851 762; x_wconf 77' lang='lat' dir='ltr'>CAESAREM</span> 
     </span>
    </p>
   </div>
   <div class='ocr_carea' id='block_1_3' title="bbox 203 837 942 938">
    <p class='ocr_par' dir='ltr' id='par_1_3' title="bbox 203 837 942 938">
     <span class='ocr_line' id='line_1_3' title="bbox 203 837 942 938; baseline -0.003 0"><span class='ocrx_word' id='word_1_7' title='bbox 203 837 942 938; x_wconf 80' lang='lat' dir='ltr'>llclbllllllll</span> 
     </span>
    </p>
   </div>
   <div class='ocr_carea' id='block_1_4' title="bbox 473 1025 673 1086">
    <p class='ocr_par' dir='ltr' id='par_1_4' title="bbox 473 1025 673 1086">
     <span class='ocr_line' id='line_1_4' title="bbox 473 1025 673 1086; baseline 0 0"><span class='ocrx_word' id='word_1_8' title='bbox 473 1025 609 1086; x_wconf 80' lang='lat' dir='ltr'>LIBER</span> <span class='ocrx_word' id='word_1_9' title='bbox 636 1025 673 1086; x_wconf 91' lang='lat' dir='ltr'>ll.</span> 
     </span>
    </p>
   </div>
   <div class='ocr_carea' id='block_1_5' title="bbox 86 1309 1152 3060">
    <p class='ocr_par' dir='ltr' id='par_1_5' title="bbox 86 1309 1152 3060">
     <span class='ocr_line' id='line_1_5' title="bbox 150 1309 1091 1386; baseline 0.002 -16"><span class='ocrx_word' id='word_1_10' title='bbox 150 1311 172 1370; x_wconf 91' lang='grc' dir='ltr'>Ι.</span> <span class='ocrx_word' id='word_1_11' title='bbox 194 1311 234 1371; x_wconf 90' lang='lat' dir='ltr'>Ut</span> <span class='ocrx_word' id='word_1_12' title='bbox 255 1310 295 1370; x_wconf 88' lang='lat' dir='ltr'>de</span> <span class='ocrx_word' id='word_1_13' title='bbox 311 1309 470 1370; x_wconf 78' lang='lat' dir='ltr'>clementIa</span> <span class='ocrx_word' id='word_1_14' title='bbox 491 1311 671 1384; x_wconf 83' lang='lat' dir='ltr'>scriberem,</span> <span class='ocrx_word' id='word_1_15' title='bbox 692 1311 773 1372; x_wconf 88' lang='lat' dir='ltr'>Nern</span> <span class='ocrx_word' id='word_1_16' title='bbox 789 1311 916 1386; x_wconf 86' lang='lat' dir='ltr'>Caesar,</span> <span class='ocrx_word' id='word_1_17' title='bbox 936 1329 998 1372; x_wconf 90' lang='lat' dir='ltr'>una</span> <span class='ocrx_word' id='word_1_18' title='bbox 1013 1329 1061 1372; x_wconf 86' lang='lat' dir='ltr'>rue</span> <span class='ocrx_word' id='word_1_19' title='bbox 1077 1333 1091 1384; x_wconf 86' lang='lat'>1</span> 
     </span>
     <span class='ocr_line' id='line_1_6' title="bbox 86 1393 1061 1470; baseline 0 -14"><span class='ocrx_word' id='word_1_20' title='bbox 86 1411 149 1456; x_wconf 84' lang='lat' dir='ltr'>vox</span> <span class='ocrx_word' id='word_1_21' title='bbox 163 1402 215 1455; x_wconf 86' lang='lat' dir='ltr'>tua</span> <span class='ocrx_word' id='word_1_22' title='bbox 226 1393 356 1453; x_wconf 85' lang='lat' dir='ltr'>maxime</span> <span class='ocrx_word' id='word_1_23' title='bbox 367 1394 517 1468; x_wconf 78' lang='lat' dir='ltr'>conpulit,</span> <span class='ocrx_word' id='word_1_24' title='bbox 534 1412 626 1470; x_wconf 86' lang='lat' dir='ltr'>quam</span> <span class='ocrx_word' id='word_1_25' title='bbox 638 1411 696 1470; x_wconf 80' lang='lat' dir='ltr'>ego</span> <span class='ocrx_word' id='word_1_26' title='bbox 708 1411 769 1455; x_wconf 90' lang='lat' dir='ltr'>non</span> <span class='ocrx_word' id='word_1_27' title='bbox 783 1395 850 1454; x_wconf 92' lang='lat' dir='ltr'>sine</span> <span class='ocrx_word' id='word_1_28' title='bbox 861 1395 1061 1456; x_wconf 79' lang='lat' dir='ltr'><strong>admiratione</strong></span> 
     </span>
     <span class='ocr_line' id='line_1_7' title="bbox 87 1477 1061 1553; baseline -0.001 -14"><span class='ocrx_word' id='word_1_29' title='bbox 87 1486 119 1540; x_wconf 90' lang='lat' dir='ltr'>et</span> <span class='ocrx_word' id='word_1_30' title='bbox 139 1494 207 1538; x_wconf 86' lang='lat' dir='ltr'>eum</span> <span class='ocrx_word' id='word_1_31' title='bbox 227 1477 394 1550; x_wconf 74' lang='lat' dir='ltr'>diceretur,</span> <span class='ocrx_word' id='word_1_32' title='bbox 417 1479 542 1538; x_wconf 79' lang='lat' dir='ltr'>audisse</span> <span class='ocrx_word' id='word_1_33' title='bbox 564 1480 701 1553; x_wconf 87' lang='lat' dir='ltr'>memini,</span> <span class='ocrx_word' id='word_1_34' title='bbox 727 1487 757 1540; x_wconf 87' lang='lat' dir='ltr'>et</span> <span class='ocrx_word' id='word_1_35' title='bbox 777 1479 976 1538; x_wconf 43' lang='lat' dir='ltr'>deindetaln&#39;s</span> <span class='ocrx_word' id='word_1_36' title='bbox 992 1497 1061 1540; x_wconf 87' lang='lat' dir='ltr'>nar·</span> 
     </span>
     <span class='ocr_line' id='line_1_8' title="bbox 86 1562 1060 1638; baseline 0.001 -16"><span class='ocrx_word' id='word_1_37' title='bbox 86 1577 190 1635; x_wconf 84' lang='lat' dir='ltr'>rasse,</span> <span class='ocrx_word' id='word_1_38' title='bbox 207 1575 316 1621; x_wconf 87' lang='lat' dir='ltr'>vocem</span> <span class='ocrx_word' id='word_1_39' title='bbox 330 1576 526 1636; x_wconf 79' lang='lat' dir='ltr'>generosam,</span> <span class='ocrx_word' id='word_1_40' title='bbox 545 1562 647 1637; x_wconf 82' lang='lat' dir='ltr'>magni</span> <span class='ocrx_word' id='word_1_41' title='bbox 658 1562 763 1637; x_wconf 85' lang='lat' dir='ltr'>animi,</span> <span class='ocrx_word' id='word_1_42' title='bbox 778 1578 907 1638; x_wconf 83' lang='lat' dir='ltr'>magnae</span> <span class='ocrx_word' id='word_1_43' title='bbox 919 1562 1060 1636; x_wconf 73' lang='lat' dir='ltr'>lenitatis,</span> 
     </span>
     <span class='ocr_line' id='line_1_9' title="bbox 87 1644 1062 1722; baseline 0.002 -16"><span class='ocrx_word' id='word_1_44' title='bbox 87 1661 169 1722; x_wconf 88' lang='lat' dir='ltr'>quae</span> <span class='ocrx_word' id='word_1_45' title='bbox 188 1661 248 1706; x_wconf 92' lang='lat' dir='ltr'>non</span> <span class='ocrx_word' id='word_1_46' title='bbox 270 1644 432 1720; x_wconf 89' lang='lat' dir='ltr'>conposita</span> <span class='ocrx_word' id='word_1_47' title='bbox 446 1661 503 1706; x_wconf 87' lang='lat' dir='ltr'>nee</span> <span class='ocrx_word' id='word_1_48' title='bbox 519 1647 626 1708; x_wconf 84' lang='lat' dir='ltr'>alienis</span> <span class='ocrx_word' id='word_1_49' title='bbox 643 1647 767 1708; x_wconf 89' lang='lat' dir='ltr'>auribus</span> <span class='ocrx_word' id='word_1_50' title='bbox 782 1647 857 1720; x_wconf 77' lang='lat' dir='ltr'>[aad]</span> <span class='ocrx_word' id='word_1_51' title='bbox 874 1647 974 1707; x_wconf 88' lang='lat' dir='ltr'>subito</span> <span class='ocrx_word' id='word_1_52' title='bbox 990 1647 1062 1708; x_wconf 88' lang='lat' dir='ltr'>data</span> 
     </span>
     <span class='ocr_line' id='line_1_10' title="bbox 87 1728 1061 1805; baseline -0.001 -15"><span class='ocrx_word' id='word_1_53' title='bbox 87 1729 207 1804; x_wconf 80' lang='lat' dir='ltr'>crepuit</span> <span class='ocrx_word' id='word_1_54' title='bbox 225 1737 255 1790; x_wconf 90' lang='lat' dir='ltr'>et</span> <span class='ocrx_word' id='word_1_55' title='bbox 274 1728 438 1793; x_wconf 88' lang='lat' dir='ltr'>bonitatem</span> <span class='ocrx_word' id='word_1_56' title='bbox 460 1736 542 1790; x_wconf 87' lang='lat' dir='ltr'>tuam</span> <span class='ocrx_word' id='word_1_57' title='bbox 562 1746 632 1791; x_wconf 89' lang='lat' dir='ltr'>cum</span> <span class='ocrx_word' id='word_1_58' title='bbox 650 1732 771 1792; x_wconf 80' lang='lat' dir='ltr'>fortuna</span> <span class='ocrx_word' id='word_1_59' title='bbox 785 1737 838 1791; x_wconf 87' lang='lat' dir='ltr'>tua</span> <span class='ocrx_word' id='word_1_60' title='bbox 850 1729 1015 1805; x_wconf 78' lang='lat' dir='ltr'>litigantem</span> <span class='ocrx_word' id='word_1_61' title='bbox 1030 1731 1061 1790; x_wconf 95' lang='lat' dir='ltr'>in</span> 
     </span>
     <span class='ocr_line' id='line_1_11' title="bbox 87 1811 1129 1878; baseline 0.004 -4"><span class='ocrx_word' id='word_1_62' title='bbox 87 1813 221 1874; x_wconf 90' lang='lat' dir='ltr'>medium</span> <span class='ocrx_word' id='word_1_63' title='bbox 235 1811 371 1874; x_wconf 88' lang='lat' dir='ltr'>adduxit</span> <span class='ocrx_word' id='word_1_64' title='bbox 404 1812 683 1874; x_wconf 85' lang='lat' dir='ltr'>Animadversurus</span> <span class='ocrx_word' id='word_1_65' title='bbox 698 1815 728 1873; x_wconf 88' lang='lat' dir='ltr'>in</span> <span class='ocrx_word' id='word_1_66' title='bbox 744 1815 878 1875; x_wconf 90' lang='lat' dir='ltr'>latrones</span> <span class='ocrx_word' id='word_1_67' title='bbox 894 1814 973 1875; x_wconf 88' lang='lat' dir='ltr'>duos</span> <span class='ocrx_word' id='word_1_68' title='bbox 986 1815 1094 1878; x_wconf 80' lang='lat' dir='ltr'>Bur-a</span> <span class='ocrx_word' id='word_1_69' title='bbox 1128 1859 1129 1864; x_wconf 20' lang='grc' dir='ltr'>η</span> 
     </span>
     <span class='ocr_line' id='line_1_12' title="bbox 88 1896 1060 1973; baseline 0.002 -17"><span class='ocrx_word' id='word_1_70' title='bbox 88 1913 142 1958; x_wconf 90' lang='lat' dir='ltr'>rus</span> <span class='ocrx_word' id='word_1_71' title='bbox 163 1897 336 1972; x_wconf 88' lang='lat' dir='ltr'>praelectus</span> <span class='ocrx_word' id='word_1_72' title='bbox 357 1902 443 1969; x_wconf 89' lang='lat' dir='ltr'>tuus,</span> <span class='ocrx_word' id='word_1_73' title='bbox 470 1896 516 1956; x_wconf 88' lang='lat' dir='ltr'>vir</span> <span class='ocrx_word' id='word_1_74' title='bbox 536 1897 678 1972; x_wconf 82' lang='lat' dir='ltr'>egreglus</span> <span class='ocrx_word' id='word_1_75' title='bbox 698 1904 728 1957; x_wconf 92' lang='lat' dir='ltr'>et</span> <span class='ocrx_word' id='word_1_76' title='bbox 747 1896 801 1958; x_wconf 90' lang='lat' dir='ltr'>tibi</span> <span class='ocrx_word' id='word_1_77' title='bbox 816 1896 946 1973; x_wconf 80' lang='lat' dir='ltr'>principi</span> <span class='ocrx_word' id='word_1_78' title='bbox 961 1906 1060 1972; x_wconf 87' lang='lat' dir='ltr'>natus,</span> 
     </span>
     <span class='ocr_line' id='line_1_13' title="bbox 88 1978 1060 2056; baseline -0.001 -14"><span class='ocrx_word' id='word_1_79' title='bbox 88 1981 231 2055; x_wconf 79' lang='lat' dir='ltr'>exigebat</span> <span class='ocrx_word' id='word_1_80' title='bbox 242 1996 260 2039; x_wconf 92' lang='lat' dir='ltr'>a</span> <span class='ocrx_word' id='word_1_81' title='bbox 271 1985 315 2054; x_wconf 86' lang='lat' dir='ltr'>te,</span> <span class='ocrx_word' id='word_1_82' title='bbox 331 1978 482 2040; x_wconf 81' lang='lat' dir='ltr'>scriberes</span> <span class='ocrx_word' id='word_1_83' title='bbox 497 1981 527 2040; x_wconf 93' lang='lat' dir='ltr'>in</span> <span class='ocrx_word' id='word_1_84' title='bbox 545 1997 624 2054; x_wconf 87' lang='lat' dir='ltr'>quus</span> <span class='ocrx_word' id='word_1_85' title='bbox 640 1987 723 2040; x_wconf 86' lang='lat' dir='ltr'>etex</span> <span class='ocrx_word' id='word_1_86' title='bbox 739 1997 801 2056; x_wconf 87' lang='lat' dir='ltr'>qua</span> <span class='ocrx_word' id='word_1_87' title='bbox 816 1997 911 2042; x_wconf 86' lang='lat' dir='ltr'>causa</span> <span class='ocrx_word' id='word_1_88' title='bbox 926 1982 1060 2042; x_wconf 89' lang='lat' dir='ltr'>animad-</span> 
     </span>
     <span class='ocr_line' id='line_1_14' title="bbox 87 2061 1060 2138; baseline 0 -14"><span class='ocrx_word' id='word_1_89' title='bbox 87 2066 165 2124; x_wconf 90' lang='lat' dir='ltr'>verti</span> <span class='ocrx_word' id='word_1_90' title='bbox 178 2064 285 2123; x_wconf 89' lang='lat' dir='ltr'>velles.</span> <span class='ocrx_word' id='word_1_91' title='bbox 313 2061 373 2122; x_wconf 91' lang='lat' dir='ltr'>hoc</span> <span class='ocrx_word' id='word_1_92' title='bbox 388 2078 483 2138; x_wconf 90' lang='lat' dir='ltr'>saepe</span> <span class='ocrx_word' id='word_1_93' title='bbox 498 2062 623 2125; x_wconf 89' lang='lat' dir='ltr'>dilatum</span> <span class='ocrx_word' id='word_1_94' title='bbox 637 2071 671 2126; x_wconf 93' lang='lat' dir='ltr'>ut</span> <span class='ocrx_word' id='word_1_95' title='bbox 687 2064 852 2138; x_wconf 87' lang='lat' dir='ltr'>aliquanda</span> <span class='ocrx_word' id='word_1_96' title='bbox 867 2065 955 2126; x_wconf 90' lang='lat' dir='ltr'>fieret</span> <span class='ocrx_word' id='word_1_97' title='bbox 968 2066 1060 2126; x_wconf 90' lang='lat' dir='ltr'>insta-</span> 
     </span>
     <span class='ocr_line' id='line_1_15' title="bbox 87 2146 1060 2224; baseline -0.003 -15"><span class='ocrx_word' id='word_1_98' title='bbox 87 2149 148 2209; x_wconf 88' lang='lat' dir='ltr'>bat.</span> <span class='ocrx_word' id='word_1_99' title='bbox 184 2147 299 2207; x_wconf 89' lang='lat' dir='ltr'>lnvltus</span> <span class='ocrx_word' id='word_1_100' title='bbox 321 2146 415 2206; x_wconf 89' lang='lat' dir='ltr'>invito</span> <span class='ocrx_word' id='word_1_101' title='bbox 432 2163 500 2208; x_wconf 92' lang='lat' dir='ltr'>cum</span> <span class='ocrx_word' id='word_1_102' title='bbox 515 2147 649 2208; x_wconf 86' lang='lat' dir='ltr'>chartam</span> <span class='ocrx_word' id='word_1_103' title='bbox 665 2149 842 2224; x_wconf 88' lang='lat' dir='ltr'>protulisset</span> <span class='ocrx_word' id='word_1_104' title='bbox 856 2149 1060 2223; x_wconf 88' lang='lat' dir='ltr'>traderetque,</span> 
     </span>
     <span class='ocr_line' id='line_1_16' title="bbox 87 2229 1093 2307; baseline -0.001 -15"><span class='ocrx_word' id='word_1_105' title='bbox 87 2229 286 2292; x_wconf 82' lang='lat' dir='ltr'>exclamasti=</span> <span class='ocrx_word' id='word_1_106' title='bbox 318 2234 420 2294; x_wconf 79' lang='lat' dir='ltr'>vellem</span> <span class='ocrx_word' id='word_1_107' title='bbox 445 2235 589 2294; x_wconf 66' lang='lat' dir='ltr'>macarem</span> <span class='ocrx_word' id='word_1_108' title='bbox 611 2230 733 2294; x_wconf 72' lang='lat' dir='ltr'>literas!</span> <span class='ocrx_word' id='word_1_109' title='bbox 768 2231 928 2307; x_wconf 75' lang='lat' dir='ltr'>Odignam</span> <span class='ocrx_word' id='word_1_110' title='bbox 945 2244 1093 2305; x_wconf 73' lang='lat' dir='ltr'>anaema</span> 
     </span>
     <span class='ocr_line' id='line_1_17' title="bbox 89 2313 1061 2391; baseline -0.002 -15"><span class='ocrx_word' id='word_1_111' title='bbox 89 2331 180 2390; x_wconf 86' lang='lat' dir='ltr'>quam</span> <span class='ocrx_word' id='word_1_112' title='bbox 199 2313 338 2374; x_wconf 88' lang='lat' dir='ltr'>audirent</span> <span class='ocrx_word' id='word_1_113' title='bbox 358 2330 464 2376; x_wconf 88' lang='lat' dir='ltr'>omnes</span> <span class='ocrx_word' id='word_1_114' title='bbox 479 2323 603 2390; x_wconf 78' lang='lat' dir='ltr'>genleS,</span> <span class='ocrx_word' id='word_1_115' title='bbox 624 2331 704 2390; x_wconf 86' lang='lat' dir='ltr'>quae</span> <span class='ocrx_word' id='word_1_116' title='bbox 718 2317 888 2376; x_wconf 87' lang='lat' dir='ltr'>Romanurn</span> <span class='ocrx_word' id='word_1_117' title='bbox 903 2317 1061 2391; x_wconf 90' lang='lat' dir='ltr'>imperium</span> 
     </span>
     <span class='ocr_line' id='line_1_18' title="bbox 88 2397 1061 2474; baseline 0.001 -17"><span class='ocrx_word' id='word_1_118' title='bbox 88 2399 239 2469; x_wconf 87' lang='lat' dir='ltr'>incolunt,</span> <span class='ocrx_word' id='word_1_119' title='bbox 261 2413 405 2472; x_wconf 89' lang='lat' dir='ltr'>quaeque</span> <span class='ocrx_word' id='word_1_120' title='bbox 422 2397 507 2458; x_wconf 89' lang='lat' dir='ltr'>iuxta</span> <span class='ocrx_word' id='word_1_121' title='bbox 519 2399 620 2458; x_wconf 89' lang='lat' dir='ltr'>iacent</span> <span class='ocrx_word' id='word_1_122' title='bbox 634 2399 744 2458; x_wconf 90' lang='lat' dir='ltr'>dubiae</span> <span class='ocrx_word' id='word_1_123' title='bbox 757 2400 903 2458; x_wconf 89' lang='lat' dir='ltr'>libertatis</span> <span class='ocrx_word' id='word_1_124' title='bbox 921 2415 1061 2474; x_wconf 92' lang='lat' dir='ltr'>quaeque</span> 
     </span>
     <span class='ocr_line' id='line_1_19' title="bbox 88 2479 1060 2542; baseline -0.001 -1"><span class='ocrx_word' id='word_1_125' title='bbox 88 2497 124 2541; x_wconf 87' lang='lat' dir='ltr'>se</span> <span class='ocrx_word' id='word_1_126' title='bbox 139 2488 246 2540; x_wconf 89' lang='lat' dir='ltr'>contra</span> <span class='ocrx_word' id='word_1_127' title='bbox 262 2479 377 2540; x_wconf 90' lang='lat' dir='ltr'>viribus</span> <span class='ocrx_word' id='word_1_128' title='bbox 393 2488 445 2540; x_wconf 92' lang='lat' dir='ltr'>aut</span> <span class='ocrx_word' id='word_1_129' title='bbox 460 2479 568 2540; x_wconf 89' lang='lat' dir='ltr'>animis</span> <span class='ocrx_word' id='word_1_130' title='bbox 584 2481 746 2542; x_wconf 87' lang='lat' dir='ltr'>adtollunt!</span> <span class='ocrx_word' id='word_1_131' title='bbox 777 2480 800 2540; x_wconf 92' lang='lat'>0</span> <span class='ocrx_word' id='word_1_132' title='bbox 819 2497 927 2541; x_wconf 88' lang='lat' dir='ltr'>vocem</span> <span class='ocrx_word' id='word_1_133' title='bbox 942 2483 972 2541; x_wconf 92' lang='lat' dir='ltr'>in</span> <span class='ocrx_word' id='word_1_134' title='bbox 989 2498 1060 2542; x_wconf 91' lang='lat' dir='ltr'>con-</span> 
     </span>
     <span class='ocr_line' id='line_1_20' title="bbox 88 2564 1074 2638; baseline 0 -14"><span class='ocrx_word' id='word_1_135' title='bbox 88 2566 208 2626; x_wconf 86' lang='lat' dir='ltr'>cionem</span> <span class='ocrx_word' id='word_1_136' title='bbox 232 2564 366 2624; x_wconf 89' lang='lat' dir='ltr'>omnium</span> <span class='ocrx_word' id='word_1_137' title='bbox 391 2565 562 2625; x_wconf 85' lang='lat' dir='ltr'>mortalium</span> <span class='ocrx_word' id='word_1_138' title='bbox 586 2565 780 2638; x_wconf 84' lang='lat' dir='ltr'>mittendam,</span> <span class='ocrx_word' id='word_1_139' title='bbox 806 2564 835 2626; x_wconf 93' lang='lat' dir='ltr'>in</span> <span class='ocrx_word' id='word_1_140' title='bbox 859 2565 947 2626; x_wconf 91' lang='lat' dir='ltr'>cuius</span> <span class='ocrx_word' id='word_1_141' title='bbox 967 2565 1074 2624; x_wconf 87' lang='lat' dir='ltr'>verba·</span> 
     </span>
     <span class='ocr_line' id='line_1_21' title="bbox 88 2647 1061 2724; baseline -0.001 -16"><span class='ocrx_word' id='word_1_142' title='bbox 88 2648 245 2724; x_wconf 86' lang='lat' dir='ltr'>principes</span> <span class='ocrx_word' id='word_1_143' title='bbox 264 2661 418 2723; x_wconf 79' lang='lat' dir='ltr'>regesque</span> <span class='ocrx_word' id='word_1_144' title='bbox 431 2647 578 2708; x_wconf 82' lang='lat' dir='ltr'>iurarent!</span> <span class='ocrx_word' id='word_1_145' title='bbox 611 2647 635 2708; x_wconf 90' lang='lat'>0</span> <span class='ocrx_word' id='word_1_146' title='bbox 652 2663 758 2708; x_wconf 87' lang='lat' dir='ltr'>vocem</span> <span class='ocrx_word' id='word_1_147' title='bbox 774 2647 925 2724; x_wconf 89' lang='lat' dir='ltr'>publicam</span> <span class='ocrx_word' id='word_1_148' title='bbox 939 2648 1061 2724; x_wconf 83' lang='lat' dir='ltr'>generis</span> 
     </span>
     <span class='ocr_line' id='line_1_22' title="bbox 87 2729 1152 2815; baseline -0.002 -23"><span class='ocrx_word' id='word_1_149' title='bbox 87 2731 417 2805; x_wconf 68' lang='lat' dir='ltr'>humanilinnucentia]</span> <span class='ocrx_word' id='word_1_150' title='bbox 428 2732 559 2807; x_wconf 81' lang='lat' dir='ltr'>dignam,</span> <span class='ocrx_word' id='word_1_151' title='bbox 574 2732 622 2792; x_wconf 88' lang='lat' dir='ltr'>cui</span> <span class='ocrx_word' id='word_1_152' title='bbox 633 2732 811 2792; x_wconf 90' lang='lat' dir='ltr'>redderetur</span> <span class='ocrx_word' id='word_1_153' title='bbox 820 2731 975 2806; x_wconf 88' lang='lat' dir='ltr'>antiquum</span> <span class='ocrx_word' id='word_1_154' title='bbox 987 2729 1061 2791; x_wconf 92' lang='lat' dir='ltr'>illud</span> <span class='ocrx_word' id='word_1_155' title='bbox 1148 2807 1152 2815; x_wconf 23' lang='lat'><strong><em>³</em></strong></span> 
     </span>
     <span class='ocr_line' id='line_1_23' title="bbox 88 2814 1093 2890; baseline -0.003 -13"><span class='ocrx_word' id='word_1_156' title='bbox 88 2815 242 2878; x_wconf 85' lang='lat' dir='ltr'>seculum!</span> <span class='ocrx_word' id='word_1_157' title='bbox 273 2814 360 2880; x_wconf 85' lang='lat' dir='ltr'>Nunc</span> <span class='ocrx_word' id='word_1_158' title='bbox 380 2816 519 2890; x_wconf 86' lang='lat' dir='ltr'>prolecto</span> <span class='ocrx_word' id='word_1_159' title='bbox 541 2817 713 2877; x_wconf 85' lang='lat' dir='ltr'>consentire</span> <span class='ocrx_word' id='word_1_160' title='bbox 729 2816 858 2884; x_wconf 85' lang='lat' dir='ltr'>decebat</span> <span class='ocrx_word' id='word_1_161' title='bbox 872 2815 911 2875; x_wconf 92' lang='lat' dir='ltr'>ad</span> <span class='ocrx_word' id='word_1_162' title='bbox 927 2830 1059 2890; x_wconf 89' lang='lat' dir='ltr'>aequum</span> <span class='ocrx_word' id='word_1_163' title='bbox 1074 2825 1093 2879; x_wconf 85' lang='lat'>4</span> 
     </span>
     <span class='ocr_line' id='line_1_24' title="bbox 88 2899 1060 2976; baseline -0.002 -16"><span class='ocrx_word' id='word_1_164' title='bbox 88 2901 265 2974; x_wconf 90' lang='lat' dir='ltr'>bonumque</span> <span class='ocrx_word' id='word_1_165' title='bbox 286 2899 418 2974; x_wconf 87' lang='lat' dir='ltr'>expulsa</span> <span class='ocrx_word' id='word_1_166' title='bbox 437 2900 528 2960; x_wconf 91' lang='lat' dir='ltr'>alieni</span> <span class='ocrx_word' id='word_1_167' title='bbox 549 2899 708 2976; x_wconf 88' lang='lat' dir='ltr'>cupidine,</span> <span class='ocrx_word' id='word_1_168' title='bbox 734 2915 773 2959; x_wconf 90' lang='lat' dir='ltr'>ex</span> <span class='ocrx_word' id='word_1_169' title='bbox 789 2915 849 2975; x_wconf 85' lang='lat' dir='ltr'>que</span> <span class='ocrx_word' id='word_1_170' title='bbox 865 2915 955 2958; x_wconf 91' lang='lat' dir='ltr'>omne</span> <span class='ocrx_word' id='word_1_171' title='bbox 968 2899 1060 2960; x_wconf 91' lang='lat' dir='ltr'>animi</span> 
     </span>
     <span class='ocr_line' id='line_1_25' title="bbox 88 2983 1070 3060; baseline 0.001 -18"><span class='ocrx_word' id='word_1_172' title='bbox 88 2985 200 3042; x_wconf 85' lang='lat' dir='ltr'>rnalurn</span> <span class='ocrx_word' id='word_1_173' title='bbox 216 2983 322 3055; x_wconf 89' lang='lat' dir='ltr'>oritur,</span> <span class='ocrx_word' id='word_1_174' title='bbox 346 2983 488 3057; x_wconf 84' lang='lat' dir='ltr'>pietatem</span> <span class='ocrx_word' id='word_1_175' title='bbox 508 2985 769 3060; x_wconf 82' lang='lat' dir='ltr'>Integritatemque</span> <span class='ocrx_word' id='word_1_176' title='bbox 785 2998 853 3044; x_wconf 87' lang='lat' dir='ltr'>cum</span> <span class='ocrx_word' id='word_1_177' title='bbox 869 2983 930 3044; x_wconf 83' lang='lat' dir='ltr'>lide</span> <span class='ocrx_word' id='word_1_178' title='bbox 945 2997 981 3041; x_wconf 88' lang='lat' dir='ltr'>aa</span> <span class='ocrx_word' id='word_1_179' title='bbox 996 2998 1070 3043; x_wconf 89' lang='lat' dir='ltr'>mo·-</span> 
     </span>
    </p>
   </div>
   <div class='ocr_carea' id='block_1_6' title="bbox 2 3065 1061 3158">
    <p class='ocr_par' dir='ltr' id='par_1_6' title="bbox 2 3065 1061 3158">
     <span class='ocr_line' id='line_1_26' title="bbox 2 3065 1061 3158; baseline -0.002 -30"><span class='ocrx_word' id='word_1_180' title='bbox 2 3079 3 3082; x_wconf 73' lang='grc'>’</span> <span class='ocrx_word' id='word_1_181' title='bbox 89 3065 188 3128; x_wconf 88' lang='lat' dir='ltr'>destia</span> <span class='ocrx_word' id='word_1_182' title='bbox 208 3081 383 3158; x_wconf 78' lang='lat' dir='ltr'>resurgere.</span> <span class='ocrx_word' id='word_1_183' title='bbox 413 3074 443 3127; x_wconf 88' lang='lat' dir='ltr'>et</span> <span class='ocrx_word' id='word_1_184' title='bbox 463 3065 534 3128; x_wconf 89' lang='lat' dir='ltr'>vitia</span> <span class='ocrx_word' id='word_1_185' title='bbox 555 3069 696 3128; x_wconf 87' lang='lat' dir='ltr'>diuturno</span> <span class='ocrx_word' id='word_1_186' title='bbox 718 3068 816 3130; x_wconf 88' lang='lat' dir='ltr'>abusa</span> <span class='ocrx_word' id='word_1_187' title='bbox 829 3082 923 3157; x_wconf 84' lang='lat' dir='ltr'>regno</span> <span class='ocrx_word' id='word_1_188' title='bbox 938 3066 1061 3127; x_wconf 91' lang='lat' dir='ltr'>tandem</span> 
     </span>
    </p>
   </div>
   <div class='ocr_carea' id='block_1_7' title="bbox 88 3151 1093 3562">
    <p class='ocr_par' dir='ltr' id='par_1_7' title="bbox 88 3151 681 3227">
     <span class='ocr_line' id='line_1_27' title="bbox 88 3151 681 3227; baseline 0 -17"><span class='ocrx_word' id='word_1_189' title='bbox 88 3151 167 3212; x_wconf 82' lang='lat' dir='ltr'>lelini</span> <span class='ocrx_word' id='word_1_190' title='bbox 184 3166 220 3212; x_wconf 92' lang='lat' dir='ltr'>ac</span> <span class='ocrx_word' id='word_1_191' title='bbox 236 3166 314 3227; x_wconf 90' lang='lat' dir='ltr'>puro</span> <span class='ocrx_word' id='word_1_192' title='bbox 329 3151 435 3212; x_wconf 88' lang='lat' dir='ltr'>seculo</span> <span class='ocrx_word' id='word_1_193' title='bbox 450 3151 558 3212; x_wconf 87' lang='lat' dir='ltr'>darent</span> <span class='ocrx_word' id='word_1_194' title='bbox 571 3153 681 3212; x_wconf 88' lang='lat' dir='ltr'>locum.</span> 
     </span>
    </p>

    <p class='ocr_par' dir='ltr' id='par_1_8' title="bbox 88 3233 1093 3562">
     <span class='ocr_line' id='line_1_28' title="bbox 151 3233 1093 3310; baseline 0.001 -18"><span class='ocrx_word' id='word_1_195' title='bbox 151 3235 187 3294; x_wconf 90' lang='lat' dir='ltr'>ll.</span> <span class='ocrx_word' id='word_1_196' title='bbox 209 3233 352 3296; x_wconf 84' lang='lat' dir='ltr'>Futurum</span> <span class='ocrx_word' id='word_1_197' title='bbox 367 3235 441 3308; x_wconf 90' lang='lat' dir='ltr'>hoc,</span> <span class='ocrx_word' id='word_1_198' title='bbox 463 3234 590 3307; x_wconf 86' lang='lat' dir='ltr'>Caesar,</span> <span class='ocrx_word' id='word_1_199' title='bbox 613 3251 653 3294; x_wconf 87' lang='lat' dir='ltr'>ex</span> <span class='ocrx_word' id='word_1_200' title='bbox 668 3251 778 3310; x_wconf 82' lang='lat' dir='ltr'>magna</span> <span class='ocrx_word' id='word_1_201' title='bbox 792 3240 878 3310; x_wconf 86' lang='lat' dir='ltr'>parte</span> <span class='ocrx_word' id='word_1_202' title='bbox 893 3251 1019 3310; x_wconf 89' lang='lat' dir='ltr'>sperare</span> <span class='ocrx_word' id='word_1_203' title='bbox 1032 3240 1093 3294; x_wconf 88' lang='lat' dir='ltr'>etl</span> 
     </span>
     <span class='ocr_line' id='line_1_29' title="bbox 88 3317 1059 3382; baseline 0 -4"><span class='ocrx_word' id='word_1_204' title='bbox 88 3317 227 3378; x_wconf 86' lang='lat' dir='ltr'>confiteri</span> <span class='ocrx_word' id='word_1_205' title='bbox 241 3319 321 3380; x_wconf 92' lang='lat' dir='ltr'>libet.</span> <span class='ocrx_word' id='word_1_206' title='bbox 352 3319 517 3380; x_wconf 87' lang='lat' dir='ltr'>Tradetur&#39;</span> <span class='ocrx_word' id='word_1_207' title='bbox 510 3326 568 3380; x_wconf 79' lang='lat' dir='ltr'>ista</span> <span class='ocrx_word' id='word_1_208' title='bbox 580 3319 671 3378; x_wconf 90' lang='lat' dir='ltr'>animi</span> <span class='ocrx_word' id='word_1_209' title='bbox 683 3319 725 3380; x_wconf 91' lang='lat' dir='ltr'>tui</span> <span class='ocrx_word' id='word_1_210' title='bbox 736 3317 936 3382; x_wconf 84' lang='lat' dir='ltr'>mansuetudo</span> <span class='ocrx_word' id='word_1_211' title='bbox 949 3318 1059 3380; x_wconf 84' lang='lat' dir='ltr'>diffun-</span> 
     </span>
     <span class='ocr_line' id='line_1_30' title="bbox 88 3402 1060 3479; baseline -0.002 -17"><span class='ocrx_word' id='word_1_212' title='bbox 88 3403 239 3476; x_wconf 86' lang='lat' dir='ltr'>deturque</span> <span class='ocrx_word' id='word_1_213' title='bbox 260 3402 402 3476; x_wconf 88' lang='lat' dir='ltr'>paulatim</span> <span class='ocrx_word' id='word_1_214' title='bbox 425 3418 480 3478; x_wconf 87' lang='lat' dir='ltr'>per</span> <span class='ocrx_word' id='word_1_215' title='bbox 495 3419 584 3464; x_wconf 87' lang='lat' dir='ltr'>omne</span> <span class='ocrx_word' id='word_1_216' title='bbox 598 3402 716 3479; x_wconf 92' lang='lat' dir='ltr'>imperii</span> <span class='ocrx_word' id='word_1_217' title='bbox 732 3418 845 3478; x_wconf 87' lang='lat' dir='ltr'>corpus</span> <span class='ocrx_word' id='word_1_218' title='bbox 862 3411 891 3464; x_wconf 93' lang='lat' dir='ltr'>et</span> <span class='ocrx_word' id='word_1_219' title='bbox 906 3410 1015 3464; x_wconf 87' lang='lat' dir='ltr'>cuncta</span> <span class='ocrx_word' id='word_1_220' title='bbox 1029 3403 1060 3460; x_wconf 92' lang='lat' dir='ltr'>in</span> 
     </span>
     <span class='ocr_line' id='line_1_31' title="bbox 88 3484 1060 3562; baseline 0.001 -18"><span class='ocrx_word' id='word_1_221' title='bbox 88 3484 313 3546; x_wconf 75' lang='lat' dir='ltr'>similitudinem</span> <span class='ocrx_word' id='word_1_222' title='bbox 338 3486 381 3548; x_wconf 90' lang='lat' dir='ltr'>tui</span> <span class='ocrx_word' id='word_1_223' title='bbox 403 3487 620 3550; x_wconf 82' lang='lat' dir='ltr'>formabuntur.</span> <span class='ocrx_word' id='word_1_224' title='bbox 654 3489 682 3546; x_wconf 84' lang='grc' dir='ltr'><strong>Α</strong></span> <span class='ocrx_word' id='word_1_225' title='bbox 702 3486 802 3562; x_wconf 89' lang='lat' dir='ltr'>capite</span> <span class='ocrx_word' id='word_1_226' title='bbox 823 3487 904 3549; x_wconf 89' lang='lat' dir='ltr'>bona</span> <span class='ocrx_word' id='word_1_227' title='bbox 926 3485 1060 3546; x_wconf 88' lang='lat' dir='ltr'>valitudo</span> 
     </span>
    </p>
   </div>
   <div class='ocr_carea' id='block_1_8' title="bbox 0 0 1281 3890">
    <p class='ocr_par' dir='ltr' id='par_1_9' title="bbox 0 0 1281 3890">
     <span class='ocr_line' id='line_1_32' title="bbox 0 0 1281 3890; baseline 0 0"><span class='ocrx_word' id='word_1_228' title='bbox 0 0 1281 3890; x_wconf 95' lang='lat' dir='ltr'> </span> 
     </span>
    </p>
   </div>
  </div>
 </body>
</html>
