<?xml version="1.0" encoding="UTF-8"?>
<!DOCTYPE html PUBLIC "-//W3C//DTD XHTML 1.0 Transitional//EN"
    "http://www.w3.org/TR/xhtml1/DTD/xhtml1-transitional.dtd">
<html xmlns="http://www.w3.org/1999/xhtml" xml:lang="en" lang="en">
 <head>
  <title>
</title>
<meta http-equiv="Content-Type" content="text/html;charset=utf-8" />
  <meta name='ocr-system' content='tesseract 3.04.00' />
  <meta name='ocr-capabilities' content='ocr_page ocr_carea ocr_par ocr_line ocrx_word'/>
</head>
<body>
  <div class='ocr_page' id='page_1' title='image "./operaquaesupers00senegoog_0065.png"; bbox 0 0 2522 3906; ppageno 0'>
   <div class='ocr_carea' id='block_1_1' title="bbox 194 248 888 316">
    <p class='ocr_par' dir='ltr' id='par_1_1' title="bbox 194 248 888 316">
     <span class='ocr_line' id='line_1_1' title="bbox 194 248 888 316; baseline -0.009 0"><span class='ocrx_word' id='word_1_1' title='bbox 194 251 237 316; x_wconf 75' lang='lat'><strong>52</strong></span> <span class='ocrx_word' id='word_1_2' title='bbox 487 251 521 314; x_wconf 90' lang='lat' dir='ltr'><strong>L.</strong></span> <span class='ocrx_word' id='word_1_3' title='bbox 541 251 689 311; x_wconf 82' lang='lat' dir='ltr'><strong>ANNAEl</strong></span> <span class='ocrx_word' id='word_1_4' title='bbox 712 248 888 310; x_wconf 81' lang='lat' dir='ltr'><strong>SENECAE</strong></span> 
     </span>
    </p>
   </div>
   <div class='ocr_carea' id='block_1_2' title="bbox 165 403 1259 3074">
    <p class='ocr_par' dir='ltr' id='par_1_2' title="bbox 165 403 1259 3074">
     <span class='ocr_line' id='line_1_2' title="bbox 193 403 1187 480; baseline -0.002 -13"><span class='ocrx_word' id='word_1_5' title='bbox 193 407 355 468; x_wconf 84' lang='lat' dir='ltr'><strong>Iracundia</strong></span> <span class='ocrx_word' id='word_1_6' title='bbox 387 405 460 466; x_wconf 92' lang='lat' dir='ltr'><strong>nihil</strong></span> <span class='ocrx_word' id='word_1_7' title='bbox 492 405 625 480; x_wconf 87' lang='lat' dir='ltr'><strong>amplum</strong></span> <span class='ocrx_word' id='word_1_8' title='bbox 659 404 868 477; x_wconf 88' lang='lat' dir='ltr'><strong>decorumque</strong></span> <span class='ocrx_word' id='word_1_9' title='bbox 899 403 1030 463; x_wconf 89' lang='lat' dir='ltr'><strong>molitur.</strong></span> <span class='ocrx_word' id='word_1_10' title='bbox 1075 411 1187 474; x_wconf 86' lang='lat' dir='ltr'><strong>contra</strong></span> 
     </span>
     <span class='ocr_line' id='line_1_3' title="bbox 193 484 1184 561; baseline -0.001 -10"><span class='ocrx_word' id='word_1_11' title='bbox 193 491 267 552; x_wconf 89' lang='lat' dir='ltr'><strong>mibi</strong></span> <span class='ocrx_word' id='word_1_12' title='bbox 292 492 413 551; x_wconf 89' lang='lat' dir='ltr'><strong>videtur</strong></span> <span class='ocrx_word' id='word_1_13' title='bbox 441 487 598 549; x_wconf 85' lang='lat' dir='ltr'>veternosi</span> <span class='ocrx_word' id='word_1_14' title='bbox 619 494 650 547; x_wconf 90' lang='lat' dir='ltr'><strong>et</strong></span> <span class='ocrx_word' id='word_1_15' title='bbox 676 486 805 546; x_wconf 80' lang='lat' dir='ltr'><strong>infelicis</strong></span> <span class='ocrx_word' id='word_1_16' title='bbox 829 485 937 561; x_wconf 92' lang='lat' dir='ltr'><strong>animi,</strong></span> <span class='ocrx_word' id='word_1_17' title='bbox 965 484 1184 550; x_wconf 74' lang='lat' dir='ltr'><strong>imbecillitatis</strong></span> 
     </span>
     <span class='ocr_line' id='line_1_4' title="bbox 193 570 1185 648; baseline -0.004 -12"><span class='ocrx_word' id='word_1_18' title='bbox 193 575 253 636; x_wconf 91' lang='lat' dir='ltr'><strong>sibi</strong></span> <span class='ocrx_word' id='word_1_19' title='bbox 274 573 415 648; x_wconf 86' lang='lat' dir='ltr'><strong>conscia,</strong></span> <span class='ocrx_word' id='word_1_20' title='bbox 438 587 534 647; x_wconf 83' lang='lat' dir='ltr'><strong>saepe</strong></span> <span class='ocrx_word' id='word_1_21' title='bbox 556 571 765 646; x_wconf 75' lang='lat' dir='ltr'><strong>indolescere,</strong></span> <span class='ocrx_word' id='word_1_22' title='bbox 787 575 820 630; x_wconf 93' lang='lat' dir='ltr'><strong>ut</strong></span> <span class='ocrx_word' id='word_1_23' title='bbox 840 570 1017 630; x_wconf 88' lang='lat' dir='ltr'><strong>exulcerata</strong></span> <span class='ocrx_word' id='word_1_24' title='bbox 1037 577 1069 630; x_wconf 90' lang='lat' dir='ltr'><strong>et</strong></span> <span class='ocrx_word' id='word_1_25' title='bbox 1089 587 1185 648; x_wconf 84' lang='lat' dir='ltr'><strong>aegra</strong></span> 
     </span>
     <span class='ocr_line' id='line_1_5' title="bbox 194 652 1186 733; baseline -0.003 -14"><span class='ocrx_word' id='word_1_26' title='bbox 194 673 341 733; x_wconf 89' lang='lat' dir='ltr'><strong>corpora,</strong></span> <span class='ocrx_word' id='word_1_27' title='bbox 376 671 457 732; x_wconf 89' lang='lat' dir='ltr'><strong>quae</strong></span> <span class='ocrx_word' id='word_1_28' title='bbox 484 657 524 716; x_wconf 89' lang='lat' dir='ltr'><strong>ad</strong></span> <span class='ocrx_word' id='word_1_29' title='bbox 550 661 649 716; x_wconf 88' lang='lat' dir='ltr'><strong>tactus</strong></span> <span class='ocrx_word' id='word_1_30' title='bbox 682 652 858 714; x_wconf 90' lang='lat' dir='ltr'><strong>levissimos</strong></span> <span class='ocrx_word' id='word_1_31' title='bbox 884 661 1018 729; x_wconf 88' lang='lat' dir='ltr'><strong>gemunt.</strong></span> <span class='ocrx_word' id='word_1_32' title='bbox 1065 653 1110 716; x_wconf 86' lang='lat' dir='ltr'><strong>lta</strong></span> <span class='ocrx_word' id='word_1_33' title='bbox 1138 657 1186 716; x_wconf 91' lang='lat' dir='ltr'><strong>ira</strong></span> 
     </span>
     <span class='ocr_line' id='line_1_6' title="bbox 193 737 1185 814; baseline -0.004 -12"><span class='ocrx_word' id='word_1_34' title='bbox 193 742 338 802; x_wconf 86' lang='lat' dir='ltr'><strong>muliebre</strong></span> <span class='ocrx_word' id='word_1_35' title='bbox 358 739 491 799; x_wconf 86' lang='lat' dir='ltr'><strong>maxime</strong></span> <span class='ocrx_word' id='word_1_36' title='bbox 509 755 546 798; x_wconf 91' lang='lat' dir='ltr'><strong>ac</strong></span> <span class='ocrx_word' id='word_1_37' title='bbox 567 738 684 814; x_wconf 85' lang='lat' dir='ltr'><strong>puerile</strong></span> <span class='ocrx_word' id='word_1_38' title='bbox 704 738 808 797; x_wconf 91' lang='lat' dir='ltr'><strong>vitium</strong></span> <span class='ocrx_word' id='word_1_39' title='bbox 829 744 886 798; x_wconf 83' lang='lat' dir='ltr'><strong>est</strong></span> <span class='ocrx_word' id='word_1_40' title='bbox 926 745 958 798; x_wconf 89' lang='lat' dir='ltr'><strong>at</strong></span> <span class='ocrx_word' id='word_1_41' title='bbox 976 737 1082 798; x_wconf 82' lang='lat' dir='ltr'><strong>incidit</strong></span> <span class='ocrx_word' id='word_1_42' title='bbox 1101 745 1133 800; x_wconf 89' lang='lat' dir='ltr'><strong>et</strong></span> <span class='ocrx_word' id='word_1_43' title='bbox 1152 741 1185 800; x_wconf 91' lang='lat' dir='ltr'><strong>in</strong></span> 
     </span>
     <span class='ocr_line' id='line_1_7' title="bbox 193 819 1183 898; baseline -0.002 -14"><span class='ocrx_word' id='word_1_44' title='bbox 193 825 289 885; x_wconf 91' lang='lat' dir='ltr'><strong>viros.</strong></span> <span class='ocrx_word' id='word_1_45' title='bbox 314 839 384 883; x_wconf 91' lang='lat' dir='ltr'><strong>nam</strong></span> <span class='ocrx_word' id='word_1_46' title='bbox 399 822 473 882; x_wconf 90' lang='lat' dir='ltr'><strong>viris</strong></span> <span class='ocrx_word' id='word_1_47' title='bbox 496 838 620 898; x_wconf 88' lang='lat' dir='ltr'><strong>quoque</strong></span> <span class='ocrx_word' id='word_1_48' title='bbox 643 821 772 898; x_wconf 88' lang='lat' dir='ltr'><strong>puerilia</strong></span> <span class='ocrx_word' id='word_1_49' title='bbox 786 835 823 880; x_wconf 89' lang='lat' dir='ltr'><strong>ac</strong></span> <span class='ocrx_word' id='word_1_50' title='bbox 837 819 997 881; x_wconf 90' lang='lat' dir='ltr'><strong>muliebria</strong></span> <span class='ocrx_word' id='word_1_51' title='bbox 1011 828 1084 882; x_wconf 90' lang='lat' dir='ltr'><strong>sunt</strong></span> <span class='ocrx_word' id='word_1_52' title='bbox 1098 822 1183 896; x_wconf 87' lang='lat' dir='ltr'><strong>inge·</strong></span> 
     </span>
     <span class='ocr_line' id='line_1_8' title="bbox 165 903 1184 982; baseline -0.007 -9"><span class='ocrx_word' id='word_1_53' title='bbox 165 907 256 974; x_wconf 75' lang='lat' dir='ltr'><strong>tnia.</strong></span> <span class='ocrx_word' id='word_1_54' title='bbox 286 907 363 982; x_wconf 80' lang='lat' dir='ltr'><strong>Quid</strong></span> <span class='ocrx_word' id='word_1_55' title='bbox 386 913 482 982; x_wconf 70' lang='lat' dir='ltr'><strong>ergo?</strong></span> <span class='ocrx_word' id='word_1_56' title='bbox 502 922 564 967; x_wconf 92' lang='lat' dir='ltr'><strong>non</strong></span> <span class='ocrx_word' id='word_1_57' title='bbox 585 905 707 982; x_wconf 86' lang='lat' dir='ltr'><strong>aliquae</strong></span> <span class='ocrx_word' id='word_1_58' title='bbox 727 921 823 966; x_wconf 93' lang='lat' dir='ltr'><strong>voces</strong></span> <span class='ocrx_word' id='word_1_59' title='bbox 845 903 883 964; x_wconf 91' lang='lat' dir='ltr'><strong>ab</strong></span> <span class='ocrx_word' id='word_1_60' title='bbox 905 904 990 966; x_wconf 88' lang='lat' dir='ltr'><strong>iratis</strong></span> <span class='ocrx_word' id='word_1_61' title='bbox 1008 905 1184 966; x_wconf 90' lang='lat' dir='ltr'><strong>emittuntur</strong></span> 
     </span>
     <span class='ocr_line' id='line_1_9' title="bbox 195 988 1183 1068; baseline -0.002 -16"><span class='ocrx_word' id='word_1_62' title='bbox 195 1007 275 1068; x_wconf 88' lang='lat' dir='ltr'><strong>quae</strong></span> <span class='ocrx_word' id='word_1_63' title='bbox 290 1006 401 1065; x_wconf 86' lang='lat' dir='ltr'><strong>magno</strong></span> <span class='ocrx_word' id='word_1_64' title='bbox 417 990 551 1050; x_wconf 85' lang='lat' dir='ltr'><strong>emissae</strong></span> <span class='ocrx_word' id='word_1_65' title='bbox 565 990 727 1049; x_wconf 88' lang='lat' dir='ltr'><strong>videantur</strong></span> <span class='ocrx_word' id='word_1_66' title='bbox 741 988 842 1049; x_wconf 91' lang='lat' dir='ltr'><strong>animo</strong></span> <span class='ocrx_word' id='word_1_67' title='bbox 853 1004 959 1049; x_wconf 87' lang='lat' dir='ltr'><strong>veram</strong></span> <span class='ocrx_word' id='word_1_68' title='bbox 970 989 1183 1064; x_wconf 85' lang='lat' dir='ltr'><strong>ignorantibus</strong></span> 
     </span>
     <span class='ocr_line' id='line_1_10' title="bbox 193 1071 1219 1150; baseline -0.002 -15"><span class='ocrx_word' id='word_1_69' title='bbox 193 1075 455 1150; x_wconf 67' lang='lat' dir='ltr'><strong>magnitudinem?</strong></span> <span class='ocrx_word' id='word_1_70' title='bbox 472 1073 571 1150; x_wconf 88' lang='lat' dir='ltr'><strong>qualis</strong></span> <span class='ocrx_word' id='word_1_71' title='bbox 586 1071 639 1132; x_wconf 87' lang='lat' dir='ltr'><strong>illa</strong></span> <span class='ocrx_word' id='word_1_72' title='bbox 650 1073 717 1133; x_wconf 93' lang='lat' dir='ltr'><strong>dira</strong></span> <span class='ocrx_word' id='word_1_73' title='bbox 728 1079 759 1132; x_wconf 90' lang='lat' dir='ltr'><strong>et</strong></span> <span class='ocrx_word' id='word_1_74' title='bbox 769 1071 988 1132; x_wconf 86' lang='lat' dir='ltr'><strong>abominanda=</strong></span> <span class='ocrx_word' id='word_1_75' title='bbox 1005 1071 1182 1149; x_wconf 90' lang='lat' dir='ltr'><strong>Oderint,</strong></span> <span class='ocrx_word' id='word_1_76' title='bbox 1217 1113 1219 1118; x_wconf 91' lang='lat'>-</span> 
     </span>
     <span class='ocr_line' id='line_1_11' title="bbox 195 1155 1181 1230; baseline -0.001 -12"><span class='ocrx_word' id='word_1_77' title='bbox 195 1160 279 1220; x_wconf 92' lang='lat' dir='ltr'><strong>dum</strong></span> <span class='ocrx_word' id='word_1_78' title='bbox 300 1165 481 1218; x_wconf 87' lang='lat' dir='ltr'><strong>metuant.</strong></span> <span class='ocrx_word' id='word_1_79' title='bbox 514 1155 639 1217; x_wconf 90' lang='lat' dir='ltr'><strong>Sullano</strong></span> <span class='ocrx_word' id='word_1_80' title='bbox 661 1155 744 1218; x_wconf 90' lang='lat' dir='ltr'><strong>scias</strong></span> <span class='ocrx_word' id='word_1_81' title='bbox 759 1159 864 1216; x_wconf 89' lang='lat' dir='ltr'><strong>seculo</strong></span> <span class='ocrx_word' id='word_1_82' title='bbox 880 1155 1036 1230; x_wconf 87' lang='lat' dir='ltr'><strong>scriptam.</strong></span> <span class='ocrx_word' id='word_1_83' title='bbox 1068 1155 1181 1218; x_wconf 87' lang='lat' dir='ltr'><strong>Nescio</strong></span> 
     </span>
     <span class='ocr_line' id='line_1_12' title="bbox 194 1239 1181 1317; baseline -0.004 -13"><span class='ocrx_word' id='word_1_84' title='bbox 194 1249 296 1304; x_wconf 88' lang='lat' dir='ltr'><strong>utrum</strong></span> <span class='ocrx_word' id='word_1_85' title='bbox 321 1242 379 1302; x_wconf 90' lang='lat' dir='ltr'><strong>sibi</strong></span> <span class='ocrx_word' id='word_1_86' title='bbox 406 1241 494 1316; x_wconf 90' lang='lat' dir='ltr'><strong>peius</strong></span> <span class='ocrx_word' id='word_1_87' title='bbox 515 1239 680 1317; x_wconf 91' lang='lat' dir='ltr'><strong>optaverit,</strong></span> <span class='ocrx_word' id='word_1_88' title='bbox 706 1247 740 1301; x_wconf 90' lang='lat' dir='ltr'><strong>ut</strong></span> <span class='ocrx_word' id='word_1_89' title='bbox 759 1239 831 1301; x_wconf 92' lang='lat' dir='ltr'><strong>odio</strong></span> <span class='ocrx_word' id='word_1_90' title='bbox 852 1245 937 1300; x_wconf 87' lang='lat' dir='ltr'><strong>esset</strong></span> <span class='ocrx_word' id='word_1_91' title='bbox 956 1255 995 1299; x_wconf 89' lang='lat' dir='ltr'><strong>an</strong></span> <span class='ocrx_word' id='word_1_92' title='bbox 1016 1247 1050 1301; x_wconf 93' lang='lat' dir='ltr'><strong>ut</strong></span> <span class='ocrx_word' id='word_1_93' title='bbox 1070 1239 1181 1301; x_wconf 90' lang='lat' dir='ltr'><strong>timori.</strong></span> 
     </span>
     <span class='ocr_line' id='line_1_13' title="bbox 196 1323 1182 1398; baseline -0.003 -11"><span class='ocrx_word' id='word_1_94' title='bbox 196 1325 368 1387; x_wconf 89' lang='lat' dir='ltr'><strong>Oderint.</strong></span> <span class='ocrx_word' id='word_1_95' title='bbox 399 1324 537 1387; x_wconf 87' lang='lat' dir='ltr'><strong>Occurrit</strong></span> <span class='ocrx_word' id='word_1_96' title='bbox 551 1325 593 1386; x_wconf 93' lang='lat' dir='ltr'><strong>illi</strong></span> <span class='ocrx_word' id='word_1_97' title='bbox 607 1326 755 1398; x_wconf 79' lang='lat' dir='ltr'><strong>futurum,</strong></span> <span class='ocrx_word' id='word_1_98' title='bbox 771 1330 805 1383; x_wconf 91' lang='lat' dir='ltr'><strong>ut</strong></span> <span class='ocrx_word' id='word_1_99' title='bbox 819 1331 1015 1398; x_wconf 85' lang='lat' dir='ltr'><strong>execrentur,</strong></span> <span class='ocrx_word' id='word_1_100' title='bbox 1036 1323 1182 1384; x_wconf 88' lang='lat' dir='ltr'><strong>insidien-</strong></span> 
     </span>
     <span class='ocr_line' id='line_1_14' title="bbox 194 1407 1182 1486; baseline -0.003 -14"><span class='ocrx_word' id='word_1_101' title='bbox 194 1419 258 1484; x_wconf 86' lang='lat' dir='ltr'><strong>tur,</strong></span> <span class='ocrx_word' id='word_1_102' title='bbox 280 1410 464 1486; x_wconf 86' lang='lat' dir='ltr'><strong>opprimant.</strong></span> <span class='ocrx_word' id='word_1_103' title='bbox 496 1409 574 1484; x_wconf 80' lang='lat' dir='ltr'><strong>Quid</strong></span> <span class='ocrx_word' id='word_1_104' title='bbox 594 1407 726 1469; x_wconf 78' lang='lat' dir='ltr'><strong>adiecitt</strong></span> <span class='ocrx_word' id='word_1_105' title='bbox 747 1409 784 1468; x_wconf 87' lang='lat' dir='ltr'><strong>Di</strong></span> <span class='ocrx_word' id='word_1_106' title='bbox 803 1408 843 1467; x_wconf 92' lang='lat' dir='ltr'><strong>illi</strong></span> <span class='ocrx_word' id='word_1_107' title='bbox 860 1407 1081 1482; x_wconf 79' lang='lat' dir='ltr'><strong>malefaciant,</strong></span> <span class='ocrx_word' id='word_1_108' title='bbox 1103 1407 1182 1470; x_wconf 89' lang='lat' dir='ltr'><strong>adeo</strong></span> 
     </span>
     <span class='ocr_line' id='line_1_15' title="bbox 194 1489 1183 1570; baseline -0.002 -16"><span class='ocrx_word' id='word_1_109' title='bbox 194 1495 309 1570; x_wconf 88' lang='lat' dir='ltr'><strong>reperit</strong></span> <span class='ocrx_word' id='word_1_110' title='bbox 330 1495 455 1568; x_wconf 89' lang='lat' dir='ltr'><strong>dignum</strong></span> <span class='ocrx_word' id='word_1_111' title='bbox 481 1493 553 1553; x_wconf 90' lang='lat' dir='ltr'><strong>odio</strong></span> <span class='ocrx_word' id='word_1_112' title='bbox 574 1492 751 1551; x_wconf 90' lang='lat' dir='ltr'><strong>remedium.</strong></span> <span class='ocrx_word' id='word_1_113' title='bbox 788 1489 964 1551; x_wconf 78' lang='lat' dir='ltr'><strong>Oderint:</strong></span> <span class='ocrx_word' id='word_1_114' title='bbox 992 1491 1088 1566; x_wconf 81' lang='lat' dir='ltr'><strong>quidt</strong></span> <span class='ocrx_word' id='word_1_115' title='bbox 1109 1492 1183 1552; x_wconf 90' lang='lat' dir='ltr'><strong>dum</strong></span> 
     </span>
     <span class='ocr_line' id='line_1_16' title="bbox 195 1574 1183 1654; baseline -0.003 -16"><span class='ocrx_word' id='word_1_116' title='bbox 195 1583 344 1654; x_wconf 68' lang='lat' dir='ltr'><strong>pareant?</strong></span> <span class='ocrx_word' id='word_1_117' title='bbox 364 1575 437 1637; x_wconf 89' lang='lat' dir='ltr'><strong>non.</strong></span> <span class='ocrx_word' id='word_1_118' title='bbox 466 1576 538 1636; x_wconf 90' lang='lat' dir='ltr'><strong>dum</strong></span> <span class='ocrx_word' id='word_1_119' title='bbox 559 1577 710 1650; x_wconf 71' lang='lat' dir='ltr'><strong>probent?</strong></span> <span class='ocrx_word' id='word_1_120' title='bbox 725 1591 796 1635; x_wconf 94' lang='lat' dir='ltr'><strong>non.</strong></span> <span class='ocrx_word' id='word_1_121' title='bbox 827 1574 901 1650; x_wconf 92' lang='lat' dir='ltr'><strong>quid</strong></span> <span class='ocrx_word' id='word_1_122' title='bbox 917 1581 1010 1650; x_wconf 77' lang='lat' dir='ltr'><strong>ergol</strong></span> <span class='ocrx_word' id='word_1_123' title='bbox 1030 1576 1114 1637; x_wconf 92' lang='lat' dir='ltr'><strong>dum</strong></span> <span class='ocrx_word' id='word_1_124' title='bbox 1134 1577 1183 1635; x_wconf 87' lang='lat' dir='ltr'><strong>ti·</strong></span> 
     </span>
     <span class='ocr_line' id='line_1_17' title="bbox 167 1658 1184 1735; baseline 0 -14"><span class='ocrx_word' id='word_1_125' title='bbox 167 1676 224 1727; x_wconf 75' lang='lat' dir='ltr'><strong>am</strong></span> <span class='ocrx_word' id='word_1_126' title='bbox 233 1668 335 1720; x_wconf 80' lang='lat' dir='ltr'><strong>eant:</strong></span> <span class='ocrx_word' id='word_1_127' title='bbox 351 1660 397 1719; x_wconf 89' lang='lat' dir='ltr'><strong>sic</strong></span> <span class='ocrx_word' id='word_1_128' title='bbox 411 1675 468 1720; x_wconf 88' lang='lat' dir='ltr'><strong>nec</strong></span> <span class='ocrx_word' id='word_1_129' title='bbox 483 1660 578 1719; x_wconf 92' lang='lat' dir='ltr'><strong>amari</strong></span> <span class='ocrx_word' id='word_1_130' title='bbox 591 1659 715 1735; x_wconf 89' lang='lat' dir='ltr'><strong>quidem</strong></span> <span class='ocrx_word' id='word_1_131' title='bbox 725 1660 845 1718; x_wconf 88' lang='lat' dir='ltr'><strong>vellem.</strong></span> <span class='ocrx_word' id='word_1_132' title='bbox 866 1658 979 1734; x_wconf 87' lang='lat' dir='ltr'><strong>Magno</strong></span> <span class='ocrx_word' id='word_1_133' title='bbox 993 1658 1055 1719; x_wconf 91' lang='lat' dir='ltr'><strong>hoc</strong></span> <span class='ocrx_word' id='word_1_134' title='bbox 1068 1659 1184 1721; x_wconf 80' lang='lat' dir='ltr'><strong>(lictum</strong></span> 
     </span>
     <span class='ocr_line' id='line_1_18' title="bbox 195 1742 1184 1819; baseline 0 -15"><span class='ocrx_word' id='word_1_135' title='bbox 195 1744 303 1819; x_wconf 89' lang='lat' dir='ltr'><strong>spiritu</strong></span> <span class='ocrx_word' id='word_1_136' title='bbox 318 1750 432 1819; x_wconf 71' lang='lat' dir='ltr'><strong>putas?</strong></span> <span class='ocrx_word' id='word_1_137' title='bbox 452 1743 577 1803; x_wconf 78' lang='lat' dir='ltr'><strong>falleris.</strong></span> <span class='ocrx_word' id='word_1_138' title='bbox 605 1758 664 1802; x_wconf 88' lang='lat' dir='ltr'><strong>nec</strong></span> <span class='ocrx_word' id='word_1_139' title='bbox 679 1743 760 1803; x_wconf 88' lang='lat' dir='ltr'><strong>enim</strong></span> <span class='ocrx_word' id='word_1_140' title='bbox 774 1742 950 1817; x_wconf 90' lang='lat' dir='ltr'><strong>magnitudo</strong></span> <span class='ocrx_word' id='word_1_141' title='bbox 964 1743 1024 1803; x_wconf 85' lang='lat' dir='ltr'><strong>ista</strong></span> <span class='ocrx_word' id='word_1_142' title='bbox 1038 1750 1102 1818; x_wconf 89' lang='lat' dir='ltr'><strong>est,</strong></span> <span class='ocrx_word' id='word_1_143' title='bbox 1124 1745 1184 1804; x_wconf 88' lang='lat' dir='ltr'><strong>sed</strong></span> 
     </span>
     <span class='ocr_line' id='line_1_19' title="bbox 194 1825 1182 1903; baseline 0.002 -17"><span class='ocrx_word' id='word_1_144' title='bbox 194 1828 366 1888; x_wconf 88' lang='lat' dir='ltr'><strong>inmanitas.</strong></span> <span class='ocrx_word' id='word_1_145' title='bbox 388 1827 455 1888; x_wconf 93' lang='lat' dir='ltr'><strong>Non</strong></span> <span class='ocrx_word' id='word_1_146' title='bbox 471 1827 618 1902; x_wconf 90' lang='lat' dir='ltr'><strong>estquod</strong></span> <span class='ocrx_word' id='word_1_147' title='bbox 633 1826 743 1886; x_wconf 87' lang='lat' dir='ltr'><strong>credas</strong></span> <span class='ocrx_word' id='word_1_148' title='bbox 757 1825 954 1886; x_wconf 89' lang='lat' dir='ltr'><strong>irascentium</strong></span> <span class='ocrx_word' id='word_1_149' title='bbox 968 1827 1087 1902; x_wconf 86' lang='lat' dir='ltr'><strong>verbis,</strong></span> <span class='ocrx_word' id='word_1_150' title='bbox 1104 1843 1182 1903; x_wconf 90' lang='lat' dir='ltr'><strong>quo·</strong></span> 
     </span>
     <span class='ocr_line' id='line_1_20' title="bbox 194 1910 1259 1986; baseline 0.002 -15"><span class='ocrx_word' id='word_1_151' title='bbox 194 1919 261 1972; x_wconf 87' lang='lat' dir='ltr'><strong>rum</strong></span> <span class='ocrx_word' id='word_1_152' title='bbox 282 1911 428 1986; x_wconf 89' lang='lat' dir='ltr'><strong>strepitus</strong></span> <span class='ocrx_word' id='word_1_153' title='bbox 450 1911 565 1986; x_wconf 89' lang='lat' dir='ltr'><strong>magni,</strong></span> <span class='ocrx_word' id='word_1_154' title='bbox 587 1911 722 1970; x_wconf 88' lang='lat' dir='ltr'><strong>minaces</strong></span> <span class='ocrx_word' id='word_1_155' title='bbox 737 1917 822 1984; x_wconf 89' lang='lat' dir='ltr'><strong>sunt,</strong></span> <span class='ocrx_word' id='word_1_156' title='bbox 844 1911 923 1970; x_wconf 89' lang='lat' dir='ltr'><strong>intra</strong></span> <span class='ocrx_word' id='word_1_157' title='bbox 942 1926 1029 1972; x_wconf 92' lang='lat' dir='ltr'><strong>mens</strong></span> <span class='ocrx_word' id='word_1_158' title='bbox 1043 1910 1183 1986; x_wconf 85' lang='lat' dir='ltr'><strong>pavidis·</strong></span> <span class='ocrx_word' id='word_1_159' title='bbox 1258 1921 1259 1932; x_wconf 62' lang='lat'>¹</span> 
     </span>
     <span class='ocr_line' id='line_1_21' title="bbox 165 1995 1182 2070; baseline 0 -14"><span class='ocrx_word' id='word_1_160' title='bbox 165 1996 282 2064; x_wconf 72' lang='lat' dir='ltr'><strong>asima.</strong></span> <span class='ocrx_word' id='word_1_161' title='bbox 303 1996 366 2054; x_wconf 86' lang='lat' dir='ltr'><strong>Nec</strong></span> <span class='ocrx_word' id='word_1_162' title='bbox 380 2002 428 2055; x_wconf 93' lang='lat' dir='ltr'><strong>est</strong></span> <span class='ocrx_word' id='word_1_163' title='bbox 443 1995 527 2070; x_wconf 90' lang='lat' dir='ltr'><strong>quod</strong></span> <span class='ocrx_word' id='word_1_164' title='bbox 542 1995 698 2054; x_wconf 88' lang='lat' dir='ltr'><strong>existimes</strong></span> <span class='ocrx_word' id='word_1_165' title='bbox 714 2009 820 2054; x_wconf 93' lang='lat' dir='ltr'><strong>verum</strong></span> <span class='ocrx_word' id='word_1_166' title='bbox 836 2009 917 2067; x_wconf 86' lang='lat' dir='ltr'><strong>esse,</strong></span> <span class='ocrx_word' id='word_1_167' title='bbox 936 1995 1020 2069; x_wconf 90' lang='lat' dir='ltr'><strong>quod</strong></span> <span class='ocrx_word' id='word_1_168' title='bbox 1035 1995 1121 2069; x_wconf 90' lang='lat' dir='ltr'><strong>apud</strong></span> <span class='ocrx_word' id='word_1_169' title='bbox 1136 1995 1182 2057; x_wconf 91' lang='lat' dir='ltr'><strong>di-</strong></span> 
     </span>
     <span class='ocr_line' id='line_1_22' title="bbox 195 2076 1184 2154; baseline 0.001 -14"><span class='ocrx_word' id='word_1_170' title='bbox 195 2078 399 2140; x_wconf 88' lang='lat' dir='ltr'><strong>sertissimum</strong></span> <span class='ocrx_word' id='word_1_171' title='bbox 411 2079 509 2138; x_wconf 88' lang='lat' dir='ltr'><strong>virum</strong></span> <span class='ocrx_word' id='word_1_172' title='bbox 525 2076 644 2137; x_wconf 89' lang='lat' dir='ltr'><strong>Livium</strong></span> <span class='ocrx_word' id='word_1_173' title='bbox 659 2077 768 2138; x_wconf 90' lang='lat' dir='ltr'><strong>dicitur</strong></span> <span class='ocrx_word' id='word_1_174' title='bbox 781 2081 828 2138; x_wconf 84' lang='lat' dir='ltr'><strong>vir</strong></span> <span class='ocrx_word' id='word_1_175' title='bbox 840 2081 954 2153; x_wconf 71' lang='lat' dir='ltr'><strong>inuenti</strong></span> <span class='ocrx_word' id='word_1_176' title='bbox 968 2079 1072 2153; x_wconf 75' lang='lat' dir='ltr'><strong>mcpm&#39;</strong></span> <span class='ocrx_word' id='word_1_177' title='bbox 1086 2082 1184 2154; x_wconf 69' lang='lat' dir='ltr'><strong>magis</strong></span> 
     </span>
     <span class='ocr_line' id='line_1_23' title="bbox 194 2160 1183 2238; baseline 0 -15"><span class='ocrx_word' id='word_1_178' title='bbox 194 2179 284 2238; x_wconf 78' lang='lat' dir='ltr'><strong>quom</strong></span> <span class='ocrx_word' id='word_1_179' title='bbox 294 2163 372 2225; x_wconf 79' lang='lat' dir='ltr'><strong>boni.</strong></span> <span class='ocrx_word' id='word_1_180' title='bbox 384 2163 449 2221; x_wconf 86' lang='lat' dir='ltr'><strong>lton</strong></span> <span class='ocrx_word' id='word_1_181' title='bbox 463 2168 565 2238; x_wconf 90' lang='lat' dir='ltr'><strong>potest</strong></span> <span class='ocrx_word' id='word_1_182' title='bbox 576 2161 649 2221; x_wconf 92' lang='lat' dir='ltr'><strong>illud</strong></span> <span class='ocrx_word' id='word_1_183' title='bbox 660 2160 813 2237; x_wconf 85' lang='lat' dir='ltr'><strong>separari=</strong></span> <span class='ocrx_word' id='word_1_184' title='bbox 828 2169 880 2222; x_wconf 93' lang='lat' dir='ltr'><strong>aut</strong></span> <span class='ocrx_word' id='word_1_185' title='bbox 892 2168 921 2222; x_wconf 89' lang='lat' dir='ltr'><strong>et</strong></span> <span class='ocrx_word' id='word_1_186' title='bbox 931 2162 1046 2222; x_wconf 90' lang='lat' dir='ltr'><strong>bonum</strong></span> <span class='ocrx_word' id='word_1_187' title='bbox 1059 2162 1116 2222; x_wconf 93' lang='lat' dir='ltr'><strong>erit</strong></span> <span class='ocrx_word' id='word_1_188' title='bbox 1129 2170 1183 2224; x_wconf 90' lang='lat' dir='ltr'><strong>aut</strong></span> 
     </span>
     <span class='ocr_line' id='line_1_24' title="bbox 195 2243 1182 2322; baseline -0.001 -17"><span class='ocrx_word' id='word_1_189' title='bbox 195 2262 253 2306; x_wconf 89' lang='lat' dir='ltr'><strong>nec</strong></span> <span class='ocrx_word' id='word_1_190' title='bbox 274 2262 430 2322; x_wconf 88' lang='lat' dir='ltr'><strong>magnum,</strong></span> <span class='ocrx_word' id='word_1_191' title='bbox 453 2244 524 2320; x_wconf 92' lang='lat' dir='ltr'><strong>quia</strong></span> <span class='ocrx_word' id='word_1_192' title='bbox 545 2243 782 2320; x_wconf 81' lang='lat' dir='ltr'><strong>magnitudinem</strong></span> <span class='ocrx_word' id='word_1_193' title='bbox 798 2243 889 2306; x_wconf 92' lang='lat' dir='ltr'><strong>animi</strong></span> <span class='ocrx_word' id='word_1_194' title='bbox 903 2246 1121 2306; x_wconf 89' lang='lat' dir='ltr'><strong>inconcussam</strong></span> <span class='ocrx_word' id='word_1_195' title='bbox 1136 2245 1182 2305; x_wconf 90' lang='lat' dir='ltr'><strong>in-</strong></span> 
     </span>
     <span class='ocr_line' id='line_1_25' title="bbox 194 2327 1182 2406; baseline 0 -16"><span class='ocrx_word' id='word_1_196' title='bbox 194 2332 305 2405; x_wconf 87' lang='lat' dir='ltr'><strong>tellego</strong></span> <span class='ocrx_word' id='word_1_197' title='bbox 327 2337 357 2390; x_wconf 89' lang='lat' dir='ltr'><strong>et</strong></span> <span class='ocrx_word' id='word_1_198' title='bbox 373 2330 523 2390; x_wconf 91' lang='lat' dir='ltr'><strong>introrsus</strong></span> <span class='ocrx_word' id='word_1_199' title='bbox 545 2329 674 2389; x_wconf 90' lang='lat' dir='ltr'><strong>solidam</strong></span> <span class='ocrx_word' id='word_1_200' title='bbox 689 2336 720 2390; x_wconf 89' lang='lat' dir='ltr'><strong>et</strong></span> <span class='ocrx_word' id='word_1_201' title='bbox 740 2329 778 2388; x_wconf 92' lang='lat' dir='ltr'><strong>ab</strong></span> <span class='ocrx_word' id='word_1_202' title='bbox 792 2327 853 2388; x_wconf 93' lang='lat' dir='ltr'><strong>imo</strong></span> <span class='ocrx_word' id='word_1_203' title='bbox 869 2345 975 2405; x_wconf 89' lang='lat' dir='ltr'><strong>parem</strong></span> <span class='ocrx_word' id='word_1_204' title='bbox 989 2328 1182 2406; x_wconf 83' lang='lat' dir='ltr'><strong>firmamque,</strong></span> 
     </span>
     <span class='ocr_line' id='line_1_26' title="bbox 167 2408 1182 2488; baseline -0.001 -15"><span class='ocrx_word' id='word_1_205' title='bbox 167 2413 295 2488; x_wconf 72' lang='lat' dir='ltr'><strong>pqualis</strong></span> <span class='ocrx_word' id='word_1_206' title='bbox 316 2413 420 2474; x_wconf 87' lang='lat' dir='ltr'><strong>inesse</strong></span> <span class='ocrx_word' id='word_1_207' title='bbox 441 2411 529 2473; x_wconf 90' lang='lat' dir='ltr'><strong>malis</strong></span> <span class='ocrx_word' id='word_1_208' title='bbox 550 2408 680 2487; x_wconf 86' lang='lat' dir='ltr'><strong>ingeniis</strong></span> <span class='ocrx_word' id='word_1_209' title='bbox 701 2428 764 2472; x_wconf 92' lang='lat' dir='ltr'><strong>non</strong></span> <span class='ocrx_word' id='word_1_210' title='bbox 784 2420 897 2488; x_wconf 88' lang='lat' dir='ltr'><strong>potest.</strong></span> <span class='ocrx_word' id='word_1_211' title='bbox 928 2411 1085 2473; x_wconf 90' lang='lat' dir='ltr'><strong>Terribilia</strong></span> <span class='ocrx_word' id='word_1_212' title='bbox 1098 2413 1182 2474; x_wconf 86' lang='lat' dir='ltr'><strong>enim</strong></span> 
     </span>
     <span class='ocr_line' id='line_1_27' title="bbox 196 2496 1182 2573; baseline -0.002 -15"><span class='ocrx_word' id='word_1_213' title='bbox 196 2513 268 2558; x_wconf 89' lang='lat' dir='ltr'><strong>esse</strong></span> <span class='ocrx_word' id='word_1_214' title='bbox 280 2504 310 2558; x_wconf 89' lang='lat' dir='ltr'><strong>et</strong></span> <span class='ocrx_word' id='word_1_215' title='bbox 321 2499 506 2558; x_wconf 88' lang='lat' dir='ltr'><strong>tumultuosa</strong></span> <span class='ocrx_word' id='word_1_216' title='bbox 520 2503 550 2556; x_wconf 89' lang='lat' dir='ltr'><strong>et</strong></span> <span class='ocrx_word' id='word_1_217' title='bbox 561 2496 691 2557; x_wconf 88' lang='lat' dir='ltr'><strong>exitiosa</strong></span> <span class='ocrx_word' id='word_1_218' title='bbox 703 2504 849 2572; x_wconf 85' lang='lat' dir='ltr'><strong>possunt:</strong></span> <span class='ocrx_word' id='word_1_219' title='bbox 864 2496 1101 2571; x_wconf 82' lang='lat' dir='ltr'><strong>magnitudinem</strong></span> <span class='ocrx_word' id='word_1_220' title='bbox 1114 2497 1182 2573; x_wconf 89' lang='lat' dir='ltr'><strong>qui-</strong></span> 
     </span>
     <span class='ocr_line' id='line_1_28' title="bbox 196 2581 1181 2661; baseline 0 -21"><span class='ocrx_word' id='word_1_221' title='bbox 196 2581 282 2657; x_wconf 90' lang='lat' dir='ltr'><strong>dem,</strong></span> <span class='ocrx_word' id='word_1_222' title='bbox 303 2581 391 2643; x_wconf 91' lang='lat' dir='ltr'><strong>cuius</strong></span> <span class='ocrx_word' id='word_1_223' title='bbox 411 2581 635 2642; x_wconf 88' lang='lat' dir='ltr'><strong>firmamentum</strong></span> <span class='ocrx_word' id='word_1_224' title='bbox 655 2581 811 2656; x_wconf 91' lang='lat' dir='ltr'><strong>roburque</strong></span> <span class='ocrx_word' id='word_1_225' title='bbox 825 2581 947 2642; x_wconf 88' lang='lat' dir='ltr'><strong>bonitas</strong></span> <span class='ocrx_word' id='word_1_226' title='bbox 963 2588 1025 2656; x_wconf 89' lang='lat' dir='ltr'><strong>est,</strong></span> <span class='ocrx_word' id='word_1_227' title='bbox 1047 2596 1110 2661; x_wconf 89' lang='lat' dir='ltr'><strong>non</strong></span> <span class='ocrx_word' id='word_1_228' title='bbox 1125 2581 1181 2640; x_wconf 90' lang='lat' dir='ltr'><strong>ha·</strong></span> 
     </span>
     <span class='ocr_line' id='line_1_29' title="bbox 195 2665 1182 2740; baseline 0.001 -16"><span class='ocrx_word' id='word_1_229' title='bbox 195 2665 320 2726; x_wconf 91' lang='lat' dir='ltr'><strong>bebunt.</strong></span> <span class='ocrx_word' id='word_1_230' title='bbox 349 2673 483 2727; x_wconf 89' lang='lat' dir='ltr'><strong>ceterum</strong></span> <span class='ocrx_word' id='word_1_231' title='bbox 505 2680 662 2740; x_wconf 89' lang='lat' dir='ltr'><strong>sermone,</strong></span> <span class='ocrx_word' id='word_1_232' title='bbox 684 2671 797 2725; x_wconf 92' lang='lat' dir='ltr'><strong>conatu</strong></span> <span class='ocrx_word' id='word_1_233' title='bbox 817 2671 848 2724; x_wconf 88' lang='lat' dir='ltr'><strong>ct</strong></span> <span class='ocrx_word' id='word_1_234' title='bbox 868 2665 949 2725; x_wconf 90' lang='lat' dir='ltr'><strong>omni</strong></span> <span class='ocrx_word' id='word_1_235' title='bbox 971 2672 1057 2726; x_wconf 90' lang='lat' dir='ltr'><strong>extra</strong></span> <span class='ocrx_word' id='word_1_236' title='bbox 1072 2672 1182 2740; x_wconf 91' lang='lat' dir='ltr'><strong>paratu</strong></span> 
     </span>
     <span class='ocr_line' id='line_1_30' title="bbox 167 2748 1256 2824; baseline 0 -16"><span class='ocrx_word' id='word_1_237' title='bbox 167 2748 308 2821; x_wconf 83' lang='lat' dir='ltr'><strong>glacient</strong></span> <span class='ocrx_word' id='word_1_238' title='bbox 321 2748 539 2824; x_wconf 89' lang='lat' dir='ltr'><strong>magnitudinis</strong></span> <span class='ocrx_word' id='word_1_239' title='bbox 553 2748 656 2810; x_wconf 84' lang='lat' dir='ltr'><strong>iidem.</strong></span> <span class='ocrx_word' id='word_1_240' title='bbox 687 2750 869 2824; x_wconf 84' lang='lat' dir='ltr'><strong>eloquentur</strong></span> <span class='ocrx_word' id='word_1_241' title='bbox 883 2749 1015 2824; x_wconf 89' lang='lat' dir='ltr'><strong>aliquid,</strong></span> <span class='ocrx_word' id='word_1_242' title='bbox 1039 2750 1125 2824; x_wconf 90' lang='lat' dir='ltr'><strong>quod</strong></span> <span class='ocrx_word' id='word_1_243' title='bbox 1147 2757 1182 2810; x_wconf 93' lang='lat' dir='ltr'><strong>tu</strong></span> <span class='ocrx_word' id='word_1_244' title='bbox 1255 2803 1256 2808; x_wconf 73' lang='grc'>,</span> 
     </span>
     <span class='ocr_line' id='line_1_31' title="bbox 196 2829 1182 2908; baseline 0.003 -17"><span class='ocrx_word' id='word_1_245' title='bbox 196 2829 300 2908; x_wconf 89' lang='lat' dir='ltr'><strong>magni</strong></span> <span class='ocrx_word' id='word_1_246' title='bbox 314 2839 421 2908; x_wconf 92' lang='lat' dir='ltr'><strong>putes,</strong></span> <span class='ocrx_word' id='word_1_247' title='bbox 437 2831 517 2892; x_wconf 88' lang='lat' dir='ltr'><strong>sient</strong></span> <span class='ocrx_word' id='word_1_248' title='bbox 532 2832 563 2892; x_wconf 88' lang='lat' dir='ltr'><strong>O.</strong></span> <span class='ocrx_word' id='word_1_249' title='bbox 579 2831 707 2907; x_wconf 88' lang='lat' dir='ltr'><strong>ansar,</strong></span> <span class='ocrx_word' id='word_1_250' title='bbox 728 2830 782 2907; x_wconf 89' lang='lat' dir='ltr'><strong>qui</strong></span> <span class='ocrx_word' id='word_1_251' title='bbox 795 2833 890 2892; x_wconf 90' lang='lat' dir='ltr'><strong>iratus</strong></span> <span class='ocrx_word' id='word_1_252' title='bbox 906 2833 1009 2905; x_wconf 89' lang='lat' dir='ltr'><strong>coelo,</strong></span> <span class='ocrx_word' id='word_1_253' title='bbox 1026 2833 1111 2908; x_wconf 90' lang='lat' dir='ltr'><strong>quod</strong></span> <span class='ocrx_word' id='word_1_254' title='bbox 1126 2834 1182 2894; x_wconf 93' lang='lat' dir='ltr'><strong>ob·</strong></span> 
     </span>
     <span class='ocr_line' id='line_1_32' title="bbox 195 2914 1256 2992; baseline 0.001 -17"><span class='ocrx_word' id='word_1_255' title='bbox 195 2921 382 2990; x_wconf 86' lang='lat' dir='ltr'><strong>streperetur</strong></span> <span class='ocrx_word' id='word_1_256' title='bbox 396 2915 606 2992; x_wconf 90' lang='lat' dir='ltr'><strong>pantomimis,</strong></span> <span class='ocrx_word' id='word_1_257' title='bbox 623 2931 702 2990; x_wconf 91' lang='lat' dir='ltr'><strong>quos</strong></span> <span class='ocrx_word' id='word_1_258' title='bbox 717 2915 889 2977; x_wconf 88' lang='lat' dir='ltr'><strong>imitabatur</strong></span> <span class='ocrx_word' id='word_1_259' title='bbox 902 2914 1072 2977; x_wconf 88' lang='lat' dir='ltr'><strong>studiosius</strong></span> <span class='ocrx_word' id='word_1_260' title='bbox 1088 2933 1183 2992; x_wconf 84' lang='lat' dir='ltr'><strong>quarn</strong></span> <span class='ocrx_word' id='word_1_261' title='bbox 1255 2919 1256 2986; x_wconf 81' lang='lat' dir='ltr'><strong>l</strong></span> 
     </span>
     <span class='ocr_line' id='line_1_33' title="bbox 195 2997 1184 3074; baseline 0.003 -16"><span class='ocrx_word' id='word_1_262' title='bbox 195 2998 369 3074; x_wconf 90' lang='lat' dir='ltr'><strong>spectabat,</strong></span> <span class='ocrx_word' id='word_1_263' title='bbox 392 2999 538 3074; x_wconf 90' lang='lat' dir='ltr'><strong>quodque</strong></span> <span class='ocrx_word' id='word_1_264' title='bbox 553 2997 737 3060; x_wconf 92' lang='lat' dir='ltr'><strong>comessatio</strong></span> <span class='ocrx_word' id='word_1_265' title='bbox 752 3015 809 3060; x_wconf 90' lang='lat' dir='ltr'><strong>sua</strong></span> <span class='ocrx_word' id='word_1_266' title='bbox 824 2999 1001 3060; x_wconf 78' lang='lat' dir='ltr'><strong>fulminibus</strong></span> <span class='ocrx_word' id='word_1_267' title='bbox 1016 3007 1184 3061; x_wconf 88' lang='lat' dir='ltr'><strong>terreretur</strong></span> 
     </span>
    </p>
   </div>
   <div class='ocr_carea' id='block_1_3' title="bbox 168 3081 1255 3577">
    <p class='ocr_par' dir='ltr' id='par_1_3' title="bbox 168 3081 1255 3577">
     <span class='ocr_line' id='line_1_34' title="bbox 195 3081 1182 3160; baseline 0.004 -19"><span class='ocrx_word' id='word_1_268' title='bbox 195 3098 324 3156; x_wconf 89' lang='lat' dir='ltr'><strong>prorsus</strong></span> <span class='ocrx_word' id='word_1_269' title='bbox 339 3099 448 3160; x_wconf 91' lang='lat' dir='ltr'><strong>parum</strong></span> <span class='ocrx_word' id='word_1_270' title='bbox 464 3081 569 3154; x_wconf 89' lang='lat' dir='ltr'><strong>certis,</strong></span> <span class='ocrx_word' id='word_1_271' title='bbox 591 3081 631 3142; x_wconf 88' lang='lat' dir='ltr'><strong>ad</strong></span> <span class='ocrx_word' id='word_1_272' title='bbox 653 3098 785 3158; x_wconf 84' lang='lat' dir='ltr'><strong>pugnarn</strong></span> <span class='ocrx_word' id='word_1_273' title='bbox 805 3084 930 3144; x_wconf 89' lang='lat' dir='ltr'><strong>vocavit</strong></span> <span class='ocrx_word' id='word_1_274' title='bbox 947 3084 1052 3143; x_wconf 87' lang='lat' dir='ltr'><strong>lovem</strong></span> <span class='ocrx_word' id='word_1_275' title='bbox 1069 3090 1100 3144; x_wconf 90' lang='lat' dir='ltr'><strong>et</strong></span> <span class='ocrx_word' id='word_1_276' title='bbox 1114 3085 1182 3160; x_wconf 90' lang='lat' dir='ltr'><strong>qui·</strong></span> 
     </span>
     <span class='ocr_line' id='line_1_35' title="bbox 196 3164 1255 3242; baseline 0.004 -18"><span class='ocrx_word' id='word_1_277' title='bbox 196 3167 266 3224; x_wconf 89' lang='lat' dir='ltr'><strong>dem</strong></span> <span class='ocrx_word' id='word_1_278' title='bbox 282 3164 349 3226; x_wconf 92' lang='lat' dir='ltr'><strong>sine</strong></span> <span class='ocrx_word' id='word_1_279' title='bbox 363 3164 526 3240; x_wconf 88' lang='lat' dir='ltr'><strong>missione,</strong></span> <span class='ocrx_word' id='word_1_280' title='bbox 540 3165 735 3227; x_wconf 88' lang='lat' dir='ltr'><strong>Homericum</strong></span> <span class='ocrx_word' id='word_1_281' title='bbox 755 3167 837 3228; x_wconf 87' lang='lat' dir='ltr'><strong>illum</strong></span> <span class='ocrx_word' id='word_1_282' title='bbox 853 3168 1030 3228; x_wconf 87' lang='lat' dir='ltr'><strong>exclamans</strong></span> <span class='ocrx_word' id='word_1_283' title='bbox 1045 3182 1183 3242; x_wconf 91' lang='lat' dir='ltr'><strong>versum,</strong></span> <span class='ocrx_word' id='word_1_284' title='bbox 1254 3195 1255 3218; x_wconf 69' lang='lat'><em>÷</em></span> 
     </span>
     <span class='ocr_line' id='line_1_36' title="bbox 492 3240 1255 3333; baseline 0.005 -25"><span class='ocrx_word' id='word_1_285' title='bbox 492 3240 575 3327; x_wconf 72' lang='lat' dir='ltr'><strong>’&#39;pr&#39;</strong></span> <span class='ocrx_word' id='word_1_286' title='bbox 590 3240 700 3330; x_wconf 75' lang='grc' dir='ltr'><em>ἀνάειρ’</em></span> <span class='ocrx_word' id='word_1_287' title='bbox 715 3243 737 3330; x_wconf 77' lang='grc' dir='ltr'><em>ἢ</em></span> <span class='ocrx_word' id='word_1_288' title='bbox 751 3241 813 3330; x_wconf 73' lang='grc' dir='ltr'><strong>ἐγώ,</strong></span> <span class='ocrx_word' id='word_1_289' title='bbox 823 3249 869 3312; x_wconf 60' lang='lat' dir='ltr'><strong>ob</strong></span> <span class='ocrx_word' id='word_1_290' title='bbox 1254 3259 1255 3333; x_wconf 63' lang='lat'><strong>,</strong></span> 
     </span>
     <span class='ocr_line' id='line_1_37' title="bbox 168 3331 1183 3408; baseline 0.002 -16"><span class='ocrx_word' id='word_1_291' title='bbox 168 3331 315 3406; x_wconf 81' lang='lat' dir='ltr'><strong>OOuanta</strong></span> <span class='ocrx_word' id='word_1_292' title='bbox 334 3331 486 3394; x_wconf 86' lang='lat' dir='ltr'><strong>dementia</strong></span> <span class='ocrx_word' id='word_1_293' title='bbox 499 3333 570 3394; x_wconf 84' lang='lat' dir='ltr'><strong>fuit!</strong></span> <span class='ocrx_word' id='word_1_294' title='bbox 589 3335 706 3408; x_wconf 88' lang='lat' dir='ltr'><strong>putavit</strong></span> <span class='ocrx_word' id='word_1_295' title='bbox 722 3342 774 3395; x_wconf 90' lang='lat' dir='ltr'><strong>aut</strong></span> <span class='ocrx_word' id='word_1_296' title='bbox 793 3336 851 3394; x_wconf 92' lang='lat' dir='ltr'><strong>sibi</strong></span> <span class='ocrx_word' id='word_1_297' title='bbox 872 3335 977 3396; x_wconf 92' lang='lat' dir='ltr'><strong>noceri</strong></span> <span class='ocrx_word' id='word_1_298' title='bbox 998 3351 1037 3395; x_wconf 87' lang='lat' dir='ltr'><strong>ne</strong></span> <span class='ocrx_word' id='word_1_299' title='bbox 1052 3333 1090 3394; x_wconf 93' lang='lat' dir='ltr'><strong>ab</strong></span> <span class='ocrx_word' id='word_1_300' title='bbox 1105 3335 1183 3396; x_wconf 90' lang='lat' dir='ltr'><strong>Iove</strong></span> 
     </span>
     <span class='ocr_line' id='line_1_38' title="bbox 197 3415 1191 3495; baseline 0.003 -19"><span class='ocrx_word' id='word_1_301' title='bbox 197 3415 320 3492; x_wconf 85' lang='lat' dir='ltr'><strong>quidem</strong></span> <span class='ocrx_word' id='word_1_302' title='bbox 335 3432 432 3492; x_wconf 91' lang='lat' dir='ltr'><strong>posse</strong></span> <span class='ocrx_word' id='word_1_303' title='bbox 445 3423 499 3478; x_wconf 89' lang='lat' dir='ltr'><strong>aut</strong></span> <span class='ocrx_word' id='word_1_304' title='bbox 512 3433 548 3478; x_wconf 87' lang='lat' dir='ltr'><strong>se</strong></span> <span class='ocrx_word' id='word_1_305' title='bbox 562 3433 675 3478; x_wconf 91' lang='lat' dir='ltr'><strong>nocere</strong></span> <span class='ocrx_word' id='word_1_306' title='bbox 690 3419 780 3477; x_wconf 89' lang='lat' dir='ltr'><strong>etiam</strong></span> <span class='ocrx_word' id='word_1_307' title='bbox 795 3419 861 3480; x_wconf 93' lang='lat' dir='ltr'><strong>Iovi</strong></span> <span class='ocrx_word' id='word_1_308' title='bbox 882 3435 989 3493; x_wconf 90' lang='lat' dir='ltr'><strong>posse.</strong></span> <span class='ocrx_word' id='word_1_309' title='bbox 1020 3433 1083 3480; x_wconf 90' lang='lat' dir='ltr'><strong>non</strong></span> <span class='ocrx_word' id='word_1_310' title='bbox 1107 3425 1191 3495; x_wconf 86' lang='lat' dir='ltr'><strong>puto·</strong></span> 
     </span>
     <span class='ocr_line' id='line_1_39' title="bbox 195 3501 1183 3577; baseline 0 -15"><span class='ocrx_word' id='word_1_311' title='bbox 195 3516 303 3577; x_wconf 84' lang='lat' dir='ltr'><strong>parum</strong></span> <span class='ocrx_word' id='word_1_312' title='bbox 323 3501 467 3562; x_wconf 88' lang='lat' dir='ltr'><strong>momenti</strong></span> <span class='ocrx_word' id='word_1_313' title='bbox 486 3501 566 3562; x_wconf 88' lang='lat' dir='ltr'><strong>hanc</strong></span> <span class='ocrx_word' id='word_1_314' title='bbox 587 3501 653 3562; x_wconf 91' lang='lat' dir='ltr'><strong>eius</strong></span> <span class='ocrx_word' id='word_1_315' title='bbox 673 3517 781 3563; x_wconf 90' lang='lat' dir='ltr'><strong>vocem</strong></span> <span class='ocrx_word' id='word_1_316' title='bbox 796 3503 836 3562; x_wconf 90' lang='lat' dir='ltr'><strong>ad</strong></span> <span class='ocrx_word' id='word_1_317' title='bbox 851 3501 1023 3563; x_wconf 88' lang='lat' dir='ltr'><strong>incitandas</strong></span> <span class='ocrx_word' id='word_1_318' title='bbox 1038 3503 1183 3565; x_wconf 88' lang='lat' dir='ltr'><strong>coniura-</strong></span> 
     </span>
    </p>
   </div>
   <div class='ocr_carea' id='block_1_4' title="bbox 0 0 1266 3906">
    <p class='ocr_par' dir='ltr' id='par_1_4' title="bbox 0 0 1266 3906">
     <span class='ocr_line' id='line_1_40' title="bbox 0 0 1266 3906; baseline 0 0"><span class='ocrx_word' id='word_1_319' title='bbox 0 0 1266 3906; x_wconf 95' lang='lat' dir='ltr'><strong> </strong></span> 
     </span>
    </p>
   </div>
  </div>
 </body>
</html>
