2554 3888
201 223 264 288 174
387 227 425 346 L..
444 227 592 290 ANNAEI
611 225 786 288 SENECAE
806 226 908 290 DIAL.
930 227 980 286 IX.
1045 255 1049 259 ·

203 379 327 454 dequo
350 395 472 454 queror,
498 377 675 456 exprimam,
697 393 760 439 non
780 384 961 454 tempestate
982 393 1095 452 vexor,
1127 381 1187 440 sed

203 463 330 524 nausiam
352 463 478 524 detrahe
493 478 575 538 ergo,
593 460 740 537 quicquid
754 461 815 521 hoc
831 469 879 523 est
892 462 972 538 mali,
989 469 1020 522 et
1034 477 1187 524 succurre

201 546 233 606 ln
248 553 418 622 conspectu
433 554 580 608 terrarum
594 545 753 606 laboranti.

173 643 189 694 1
264 629 301 690 11.
324 635 472 704 [suarem]
505 629 625 704 Quaero
646 629 837 689 mehercules
857 629 915 687 iarn
937 629 1068 702 dudum,
1091 627 1183 689 Sere-

203 729 250 788 ne,
268 713 337 788 ipse
351 715 471 786 tacitus,
486 713 535 774 cui
549 715 639 773 talem
654 713 805 773 adlectum
815 711 907 771 animi
922 711 1051 771 similem
1064 721 1183 787 putem,

202 811 259 858 nec
274 797 326 860 ulli
348 798 477 872 propius
499 795 686 858 admoverim
707 797 849 870 exemplo
870 811 961 870 quarn
983 811 1105 868 eorum,
1129 797 1183 871 qui

202 882 349 956 exlongo
364 888 393 940 et
407 881 492 955 gravi
507 880 671 940 valitudine
686 879 820 954 expliciti
835 877 1030 940 motiunculis
1045 876 1182 940 levibus-

202 980 263 1039 que
277 964 396 1025 interim
411 963 538 1026 offensis
554 963 797 1038 perstringuntur
814 970 844 1023 et
859 978 928 1022 cum
941 961 1089 1037 reliquias
1104 961 1181 1022 ellu-

202 1055 319 1122 gerunt,
341 1046 568 1124 suspicionibus
582 1055 682 1108 tamen
697 1045 902 1121 inquietantur
914 1045 1106 1121 medicisque
1122 1047 1184 1104 iam

203 1131 270 1190 sani
291 1148 413 1192 manum
432 1131 592 1206 porrigunt
619 1138 649 1190 et
669 1145 789 1190 omnem
809 1129 941 1189 calorem
963 1128 1105 1205 corporis
1133 1131 1183 1188 sui

203 1215 430 1278 calumniantur.
458 1214 577 1288 horum,
593 1213 717 1288 Serene,
731 1230 793 1274 non
808 1228 916 1288 parum
928 1228 1036 1273 sanum
1050 1220 1099 1273 cst
1113 1228 1180 1273 cor-

202 1315 272 1373 pus,
288 1299 345 1359 sed
358 1297 479 1361 sanitati
490 1315 597 1373 parurn
611 1297 767 1358 adsuevit:
784 1297 863 1357 sicut
874 1303 922 1356 est
933 1294 1055 1371 quidam
1068 1305 1184 1356 tremor

203 1382 293 1443 etiam
307 1381 460 1458 tranquilli
473 1381 575 1454 maris,
595 1385 701 1455 utique
719 1381 838 1454 [lacus]
856 1395 923 1440 cum
938 1395 975 1438 ex
998 1387 1183 1455 tempestate

171 1467 360 1540 lnequievit.
378 1465 464 1541 Opus
476 1472 524 1525 est
537 1467 640 1540 itaque
651 1481 712 1525 non
728 1465 787 1525 illis
799 1463 982 1536 durioribus,
999 1479 1079 1538 quae
1090 1465 1182 1524 etiarn

202 1549 486 1622 transcucurrimus,
508 1557 541 1609 ut
555 1549 664 1608 alicubi
684 1549 789 1609 obstes
810 1547 872 1620 tibi,
893 1547 1004 1608 alicubi
1024 1546 1182 1622 irascaris,

202 1631 313 1692 alicubi
334 1632 430 1692 instes
450 1631 568 1708 gravis:
590 1633 647 1692 sed
667 1633 749 1705 illud,
771 1632 854 1706 quod
873 1630 1010 1692 ultimum
1030 1631 1124 1702 venit,
1149 1637 1184 1692 ut

187 1719 191 1728 '
203 1714 296 1774 iidem
310 1713 363 1774 tibi
377 1715 493 1776 habeas
508 1723 538 1776 ct
553 1722 638 1775 recta
652 1717 695 1774 ire
710 1723 739 1774 te
752 1714 801 1774 via
813 1715 931 1788 credas,
947 1713 1183 1775 nihil'avocatus

203 1799 387 1860 transversis
397 1799 558 1861 multorum
571 1798 706 1873 vestigiis
719 1798 834 1873 passim
845 1798 1089 1871 discurrentium,
1105 1814 1182 1874 quo·

170 1892 188 1946 3
203 1883 342 1942 rumdam
354 1883 435 1945 circa
448 1884 548 1959 ipsam
562 1883 724 1942 errantium
740 1881 829 1942 viam.
850 1881 937 1957 Quod
953 1881 1114 1942 desideras
1127 1897 1182 1966 au·
1265 1879 1266 1886 ’

203 1973 272 2039 tem,
284 1981 426 2040 magnum
440 1974 471 2028 et
489 1982 639 2028 summum
655 1973 702 2025 εει
721 1965 843 2040 deoque
861 1965 1003 2040 vicinum,
1024 1979 1087 2024 non
1108 1981 1182 2024 con-

204 2050 275 2110 cuti.
290 2049 369 2108 hanc
384 2049 624 2110 stabilemanimi
641 2049 746 2109 sedem
754 2047 861 2108 Graeci
878 2039 1046 2128 εὐθυμίαν
1059 2055 1182 2122 vocant,

204 2133 244 2192 de
262 2149 323 2207 qua
335 2133 499 2194 Democriti
513 2134 655 2194 volumen
668 2131 824 2208 egregium
839 2139 895 2192 est.
912 2147 970 2206 ego
985 2133 1182 2208 tranquil·
1265 2169 1266 2196 ;

204 2215 353 2274 litatem
367 2232 456 2276 voco.
485 2231 542 2275 nec
563 2217 643 2275 enim
662 2215 771 2277 imitari
790 2223 822 2275 et
839 2217 1003 2276 transferre
1025 2217 1120 2276 verba
1142 2216 1183 2274 ad
1265 2263 1266 2298 ,

204 2299 322 2358 illorum
338 2299 466 2360 formam
479 2314 610 2360 neccsse
624 2305 684 2360 est=
705 2315 757 2359 res
772 2299 849 2374 ipsa,
866 2301 904 2360 de
923 2316 985 2374 qua
999 2301 1106 2374 agitur,
1128 2300 1182 2358 eli·
1265 2343 1266 2346 ,

205 2397 267 2456 quo
283 2381 432 2456 signanda
442 2383 565 2444 nomine
580 2391 635 2458 est,
652 2383 735 2460 quod
747 2383 960 2458 adpellationis
973 2383 1109 2443 Graecae
1121 2382 1182 2442 vim
1265 2383 1266 2398 ¹

172 2465 296 2526 ‹ldebet
315 2466 442 2540 habere,
470 2483 531 2530 non
551 2465 670 2527 faciem.
703 2466 785 2542 Ergo
807 2465 997 2542 quaerimus,
1022 2467 1181 2541 quomodo

204 2550 322 2612 animus
338 2565 461 2626 semper
476 2552 615 2626 aequalis
630 2550 831 2628 secundoque
841 2565 933 2611 cursu
948 2557 998 2610 eat
1016 2549 1181 2625 propitius-

205 2633 340 2708 quesibi
362 2635 402 2694 sit
421 2642 451 2696 et
467 2651 524 2696 sua
537 2637 635 2695 laetus
656 2634 808 2710 adspiciat
828 2641 858 2693 et
877 2633 937 2695 hoc
954 2634 1098 2708 gaudium
1120 2649 1182 2692 non
1265 2631 1266 2634 ’

204 2717 410 2792 interrumpat,
432 2720 488 2778 sed
510 2719 631 2794 placido
652 2723 732 2778 statu
751 2725 872 2776 maneat
897 2732 954 2777 nec
975 2717 1126 2776 adtollens
1147 2731 1182 2775 se

204 2816 349 2874 umquam
369 2816 426 2860 nec
441 2803 631 2877 deprimens:
655 2800 971 2876 idtranquillitas
992 2801 1057 2862 erit.
1087 2816 1182 2873 quo·

204 2883 318 2944 modo
335 2884 380 2943 ad
397 2883 495 2944 hanc
518 2885 719 2960 perveniri
738 2884 874 2959 possit,
897 2883 933 2944 in
955 2883 1183 2943 universum

205 2981 450 3039 quaeramus:
480 2984 583 3028 sumes
611 2976 643 3028 tu
668 2983 708 3026 ex
728 2968 852 3042 publico
872 2966 1008 3042 remedio
1035 2973 1183 3041 quantum

172 3051 301 3114 bvoles.
330 3050 1182 3124 Totuminterimvitiuminmediumprotra·

204 3131 370 3194 hendum
387 3142 464 3208 est,
490 3151 530 3195 ex
551 3150 613 3210 quo
633 3141 782 3209 agnoscet
798 3135 929 3209 quisque
951 3141 1070 3208 partem
1084 3149 1182 3194 suam.

205 3213 295 3275 simul
311 3225 344 3276 tu
359 3217 527 3293 intelleges,
549 3219 778 3294 quantominus
795 3217 908 3292 negotii
920 3216 1037 3276 habeas
1053 3231 1123 3276 cum
1139 3217 1182 3276 ia-

206 3299 297 3359 stidio
311 3299 354 3360 tui
369 3317 460 3374 quam
473 3301 513 3372 hi,
530 3317 609 3375 quos
624 3302 663 3360 ad
678 3301 903 3377 professionem
917 3299 1093 3374 speciosam
1107 3300 1184 3359 adli-

206 3388 295 3456 gatos
310 3390 340 3442 et
354 3384 411 3443 sub
433 3382 548 3458 ingenti
568 3385 654 3446 titulo
677 3383 842 3444 laborantis
861 3385 891 3442 in
915 3399 973 3444 sua
990 3383 1184 3444 simulatione
1265 3397 1266 3462 j

173 3465 306 3542 opudor
317 3465 416 3542 magis
435 3483 527 3542 quam
545 3468 685 3528 voluntas
700 3476 790 3530 tenet.
814 3466 925 3528 Omnes
940 3467 970 3526 in
987 3465 1096 3528 eadem
1110 3473 1182 3526 cau·
1265 3477 1266 3554 t
