2554 3888
208 227 274 292 224
411 227 444 286 L.
467 225 614 286 ANNAEl
636 223 811 286 SENECAE
831 221 933 286 ctat.
955 227 1006 288 Xl.

181 384 193 434 l
272 378 338 437 Vll.
370 377 474 436 Haec
506 383 631 436 tamen
655 376 870 436 etiamnunc
892 375 1109 438 levioribus
1130 394 1173 438 re·

145 467 148 476 ’
211 463 350 523 mediis
376 458 631 522 adiuvabunt=
660 460 1178 522 cumvolesomniumrcrun

213 543 406 619 oblivisci,
424 544 628 603 Gaesarem
645 541 786 617 cogita.
809 543 889 614 vide,
906 543 1177 618 quantamhuiusin

212 637 243 689 te
257 629 463 704 indulgentiae
477 627 590 700 fidem,
602 632 746 702 quantam
760 613 941 686 induculam
954 627 1085 686 debeas=
1100 628 1179 686 intel-

212 716 299 788 leges
324 729 386 773 non
406 711 503 784 magis
527 711 580 772 tibi
601 709 754 770 incurvari
774 708 867 770 licere
883 726 974 784 quam
990 711 1047 782 itti,
1074 711 1099 770 si
1115 709 1179 786 quis

213 799 306 858 modo
322 803 383 869 est,
404 794 515 854 tabulis
530 794 674 868 traditae,
689 793 775 854 cuius
790 792 925 853 humeris
941 795 1074 854 mundus
1089 793 1179 854 inniti-

182 887 270 952 πων.
303 879 425 939 Caesari
447 883 571 953 quoque
584 877 660 953 ipsi,
683 878 733 938 cui
748 877 850 938 omnia
865 877 970 950 licent,
990 886 1114 952 propter
1127 877 1181 936 boc
1244 897 1247 909 ¹

213 965 315 1038 ipsum
329 963 422 1022 multa
437 979 498 1022 non
513 961 618 1022 licent:
635 959 767 1022 omnium
782 976 907 1022 somnos
923 960 1003 1020 illius
1018 960 1119 1034 vigilia
1133 961 1181 1019 de-

213 1046 322 1120 fendit,
345 1045 477 1105 omnium
492 1046 584 1105 otium
599 1044 680 1106 illius
694 1045 795 1119 labor,
816 1044 951 1104 omnium
965 1043 1090 1104 delicias
1106 1043 1181 1104 illius

213 1129 376 1202 industria,
404 1129 538 1188 omnium
558 1130 748 1190 vacationem
768 1128 848 1188 illius
865 1128 1036 1202 occupatio.
1069 1143 1106 1186 ex
1125 1142 1182 1202 quo

214 1229 250 1272 se
265 1213 378 1276 Caesar
392 1213 458 1273 orbi
473 1219 620 1272 terrarum
637 1211 812 1285 dedicavit,
819 1213 877 1272 sibi
893 1213 946 1289 [se]
962 1210 1082 1287 eripuit
1105 1209 1182 1272 elsi·
1260 1261 1261 1280 ,

214 1297 321 1358 derum
335 1297 443 1368 modo,
462 1311 542 1371 quac
556 1296 726 1371 inrequieta
740 1311 863 1370 semper
877 1311 987 1356 cursus
1004 1311 1078 1356 suos
1087 1296 1183 1371 expli-

215 1387 298 1455 cant,
324 1396 490 1455 numquam
516 1379 560 1439 illi
586 1379 657 1440 licet
676 1395 734 1440 nec
754 1379 923 1440 subsistere
943 1394 1000 1440 nec
1023 1379 1185 1456 quicquam
1260 1453 1261 1464 ἵ

182 1473 303 1526 3suum
324 1465 435 1524 locere.
466 1463 516 1522 Ad
533 1464 696 1537 quemdum
716 1463 820 1539 itaque
839 1464 964 1528 modum
987 1461 1041 1522 tibi
1062 1479 1185 1538 quoquc
1260 1475 1261 1488 ¹

213 1550 321 1608 eadem
348 1544 519 1607 necessitas
540 1546 719 1622 iniungitur:
744 1564 805 1608 non
825 1548 896 1608 licet
915 1547 969 1608 tibi
989 1547 1028 1606 ad
1043 1547 1185 1608 utilitates
1260 1547 1261 1614 ἴ

213 1639 298 1704 tuae,
317 1631 356 1690 ad
379 1630 481 1691 studia
500 1637 552 1690 tua
571 1630 738 1707 respicere.
773 1631 904 1692 Caesare
920 1631 1023 1691 orbem
1038 1637 1185 1692 terrarum

215 1715 395 1790 possidente
415 1712 552 1788 inparliri
571 1720 602 1774 te
622 1730 679 1775 nec
699 1716 849 1790 voluptati
869 1731 927 1776 nec
949 1714 1048 1774 dolori
1064 1730 1121 1774 nec
1134 1715 1187 1775 ulli

180 1799 263 1858 salii
277 1799 322 1859 rei
337 1805 441 1873 potes:
456 1805 551 1858 totum
566 1807 597 1858 te
613 1799 735 1860 Caesari
750 1799 855 1859 debes.
883 1799 981 1858 Adice
996 1815 1077 1860 nunc
1093 1798 1188 1874 quod,

213 1899 282 1944 curn
298 1898 420 1958 semper
434 1882 596 1956 praedices
612 1882 760 1942 cariorem
774 1881 827 1942 tibi
839 1883 948 1957 spiritu
958 1889 1010 1942 tuo
1024 1882 1190 1944 Caesarem

211 1983 294 2040 esse,
309 1967 356 2026 tas
372 1965 426 2026 tibi
440 1981 501 2026 non
517 1973 565 2025 est
580 1969 666 2026 salvo
683 1965 813 2031 Caesare
824 1966 864 2026 de
876 1967 995 2026 iortuna
1009 1967 1111 2041 queri:
1128 1967 1190 2026 hoc

212 2050 357 2110 incolumi
380 2049 457 2108 salvi
472 2050 525 2109 tibi
542 2056 614 2109 sunt
628 2047 686 2123 tui,
706 2049 779 2110 nihil
794 2049 968 2124 perdidisti,
992 2067 1053 2109 non
1073 2059 1190 2110 tautum

211 2135 316 2192 siccos
333 2133 441 2192 oculos
458 2139 529 2192 tuos
543 2148 624 2204 esse,
640 2133 696 2192 sed
711 2134 801 2194 etiam
816 2135 914 2195 laetos
929 2139 1057 2207 oportet.
1082 2135 1112 2192 in
1128 2134 1189 2193 hoc
1260 2125 1261 2134 ’

211 2216 265 2275 tibi
281 2215 383 2275 omnia
397 2223 483 2288 sunt,
499 2215 548 2274 hic
563 2231 620 2288 pro
640 2217 781 2276 omnibus
796 2225 852 2278 est.
877 2217 964 2290 Quod
978 2219 1067 2292 longe
1082 2235 1101 2276 a
1117 2233 1189 2276 sen·
1260 2249 1261 2288 t

209 2299 299 2358 sibus
320 2296 380 2358 tuis
402 2299 649 2372 prudentissimis
670 2301 880 2376 piissimisque
906 2300 1008 2374 abest,
1032 2301 1190 2362 adversus
1260 2293 1261 2354 Ῡ

212 2380 385 2442 felicitatem
404 2389 485 2442 tuam
508 2397 617 2456 parurn
637 2391 742 2458 gratus
764 2399 813 2457 ee,
836 2385 862 2444 si
877 2383 930 2444 tibi
948 2384 1113 2460 quicquam
1127 2385 1192 2446 hoc
1260 2445 1261 2448 ,

213 2468 300 2526 salvo
315 2465 390 2524 ssere
407 2465 564 2540 permittis.

183 2560 200 2610 1
279 2549 1193 2628 Vlll.Monstraboetiamnuncnonquidemfir-

212 2635 309 2695 mius
325 2633 886 2708 remedium,sedlamiliarius.
910 2636 942 2696 Si
955 2637 1077 2711 quando
1089 2641 1121 2694 te
1133 2635 1194 2696 do-

173 2737 177 2742 ·
212 2734 295 2778 mum
320 2717 492 2792 receperis,
517 2725 589 2780 ωηο
614 2717 672 2777 erit
694 2717 747 2778 tibi
768 2721 931 2780 metuenda
953 2719 1082 2782 tristitia.
1116 2735 1195 2779 nam
1260 2741 1261 2746 ¹

212 2801 359 2877 quamdiu
378 2815 488 2861 numen
510 2808 595 2862 tuum
610 2801 790 2874 intueberis,
812 2805 926 2864 nullum
942 2803 1045 2864 illaad
1061 2809 1091 2862 te
1102 2803 1195 2862 inve-

212 2885 275 2945 niet
294 2899 465 2945 acoessum.
498 2887 600 2946 omnia
619 2887 649 2944 in
670 2892 700 2944 te
715 2886 828 2946 Caesar
841 2887 972 2946 tenebit:
997 2902 1066 2946 curn
1081 2886 1120 2944 ab
1136 2885 1195 2946 illo

212 2967 413 3043 discesseris,
427 2977 500 3030 ωηο
514 2971 599 3030 velut
612 2969 777 3032 occasione
791 2971 862 3030 data
876 2971 1067 3051 insidiabitur
1079 2971 1196 3030 solitu·
1260 2999 1261 3002 ¹

206 3053 275 3112 dini
296 3061 366 3114 tuae
386 3053 476 3114 dolor
496 3061 527 3114 et
545 3053 752 3129 requiescenti
765 3055 865 3118 animo
880 3063 931 3118 tuo
947 3054 1092 3130 paulatim
1107 3055 1196 3116 inre·
1260 3057 1261 3128 i

182 3143 274 3209 apel.
305 3133 408 3212 itaque
431 3153 506 3198 non
532 3145 592 3199 est
616 3138 717 3213 quod
741 3139 858 3200 ullum
879 3146 1029 3214 tempus
1048 3153 1198 3198 vacare
1260 3139 1261 3154 ¹

212 3218 381 3292 patiaris
401 3237 420 3279 a
441 3222 604 3295 studiis:
628 3229 698 3282 tunc
719 3220 773 3283 tibi
794 3222 900 3290 literae
921 3230 992 3284 tuae
1008 3232 1068 3282 tam
1084 3221 1198 3284 diuae

210 3309 272 3361 tarn
292 3300 423 3362 fideliter
442 3312 561 3366 amatae
581 3305 709 3380 gratiam
724 3307 865 3366 reserant.
896 3315 968 3368 ωηο
982 3314 1012 3366 tc
1026 3307 1096 3370 illae
1111 3305 1200 3366 anti·
1260 3295 1261 3320 *

212 3383 310 3444 stitem
326 3392 356 3444 et
370 3388 516 3448 cultorem
529 3405 619 3450 suum
634 3389 796 3471 vindicent·
819 3397 891 3452 ωηο
901 3391 1054 3452 Homerus
1069 3397 1099 3450 et
1109 3391 1200 3450 Ver·

210 3468 299 3540 gilius
314 3474 375 3528 tarn
389 3469 469 3530 bone
484 3471 522 3531 de
537 3471 670 3532 humano
684 3489 798 3548 genere
811 3473 924 3549 meriti,
947 3490 1039 3549 quarn
1055 3481 1089 3534 tu
1103 3480 1138 3534 et
1154 3474 1201 3532 de
