2528 3906
244 272 345 333 olan.
367 273 406 331 V.
446 271 498 332 DE
520 272 588 330 lita
608 271 680 330 LlB.
706 271 753 328 111.
779 277 899 333 17-19.
1007 265 1049 330 95

71 429 198 483 natones
214 427 244 480 et
258 423 378 496 equites
392 421 548 482 Romanos
563 435 625 480 uno
642 420 691 478 die
703 418 832 495 flagellis
848 421 966 495 cecidit,
988 427 1047 480 tor·

11 501 13 532 r
72 507 118 578 sit,
136 521 201 570 non
223 504 421 580 quaestionis,
437 503 492 564 sed
504 502 596 562 animi
608 519 711 562 causa.
740 504 851 564 deinde
866 505 945 565 adeo
962 505 1080 580 iupa-l

72 591 149 650 tiens
166 588 223 648 luit
243 586 432 648 differendae
447 584 621 662 voluptatis,
643 603 732 662 quam
748 588 901 663 ingentem
919 589 1048 649 crudeli-

73 683 118 733 tas
136 673 206 732 eius
222 672 290 730 sine
305 671 448 732 dilatione
465 670 621 746 poscebat,
642 677 675 731 ιιι
688 671 718 730 in
733 679 826 748 xysto
843 679 1047 740 maternomm

21 791 25 800 ι
73 756 241 826 hortomm,
259 757 310 830 qui
327 755 476 830 porticum
490 771 509 814 a
521 755 589 830 ripa
601 759 734 830 separat,
747 755 938 816 inambulans
954 773 1047 832 quos-

74 841 143 899 dam
159 855 200 898 ex
217 837 276 898 illis
291 855 359 898 curn
374 839 521 899 matronis
543 847 636 914 atque
651 836 720 898 aliis
734 837 927 899 senatoribus
949 841 989 900 ad
1003 839 1047 899 lu-

74 939 196 983 cernam
215 923 390 984 decollaret.
433 922 511 996 Quid
530 921 682 982 instabat?
704 921 789 998 quod
810 921 977 998 periculum
996 930 1049 984 aut

74 1009 224 1082 privatum
246 1013 298 1066 ant
318 1007 474 1081 publicum
494 1021 554 1066 una
573 1021 636 1066 nox
656 1005 848 1066 minabatur?
869 1009 1049 1080 quantulum

73 1091 127 1150 luit
139 1091 239 1150 lucem
263 1098 444 1165 exspectare
466 1089 607 1166 denique,
626 1106 665 1150 ne
688 1097 846 1150 senatores
863 1091 968 1166 populi
987 1091 1047 1151 Ro·

71 1175 153 1234 mani
169 1171 305 1234 soleatus
322 1174 495 1234 occideret?
606 1247 610 1252 .
870 1179 872 1183 ’

130 1259 209 1318 XIX.
233 1257 329 1331 Quam
342 1258 475 1332 superba
487 1259 575 1319 luerit
586 1257 749 1318 crudelitas
768 1258 834 1318 eius
847 1259 887 1318 ad
900 1274 963 1318 rem
980 1274 1047 1334 per·
1064 1274 1077 1324 1

18 1391 23 1398 .
72 1341 146 1401 tinet
163 1342 252 1415 scire,
270 1357 455 1416 quamquam
470 1341 611 1400 aberrare
630 1339 892 1416 alicui'possimus
906 1342 1004 1402 videri
1018 1349 1048 1401 ει

71 1426 100 1484 in
117 1425 242 1485 devium
258 1425 356 1501 exire:
380 1425 435 1484 sed
457 1425 516 1484 hoc
528 1425 630 1500 ipsum
646 1440 718 1500 pars
733 1427 789 1484 crit
811 1426 874 1484 irae
888 1441 982 1500 super
996 1441 1047 1486 so-

71 1511 123 1570 lita
141 1507 317 1570 saevientis.
347 1506 504 1568 Ceciderat
518 1507 647 1584 flagellis
662 1517 821 1570 senatores
830 1507 841 1564 a
853 1507 922 1584 ipse
936 1508 1047 1583 effecit,

69 1601 103 1652 ut
117 1593 178 1652 dici
194 1593 308 1668 possin
331 1593 409 1654 solet
425 1592 499 1651 fieri.
527 1600 659 1653 torserat
673 1609 729 1668 per
743 1593 844 1653 oinnia
861 1591 985 1667 quaein
1000 1609 1046 1652 re·

68 1693 136 1735 rann
159 1683 268 1736 natura
288 1677 462 1737 tristissima
485 1683 564 1750 sunt,
589 1677 730 1750 fidiculis,
751 1676 906 1752 talaribus,
929 1680 1045 1750 eculeo,

69 1762 151 1834 igne,
166 1761 251 1820 voltu
263 1777 329 1822 suo.
355 1761 392 1818 Et
401 1760 461 1820 hoc
473 1761 542 1820 loco
554 1759 802 1836 respondebitur:
818 1777 958 1836 magnam
967 1769 1045 1821 rem!
1062 1767 1078 1819 a

69 1845 96 1902 si
112 1851 176 1904 tres
191 1851 351 1906 senatores
369 1843 458 1920 quasi
472 1859 604 1919 nequam
618 1843 771 1920 mancipia
783 1845 861 1906 inter
875 1843 1003 1906 verbera
1017 1853 1047 1906 et

71 1927 213 1988 flammas
230 1929 335 1989 divisit
348 1927 450 2000 horno,
473 1929 524 2003 qui
540 1929 579 1988 de
592 1935 655 1989 toto
675 1937 782 1988 senatu
796 1928 977 1990 trucidando
994 1945 1045 1988 co-

68 2011 193 2084 gitabat,
211 2013 263 2086 qui
279 2012 411 2088 optabat,
425 2021 459 2072 ut
474 2013 606 2087 populus
618 2013 775 2073 Romanus
790 2029 881 2072 unam
896 2013 1046 2072 cervicem

69 2095 206 2170 haberet,
221 2103 254 2154 ut
268 2099 387 2156 scelera
401 2111 458 2156 sua
472 2103 517 2156 tot
531 2097 606 2157 locis
622 2113 658 2156 ac
673 2097 861 2172 temporibus
877 2095 1000 2156 diducta
1016 2098 1046 2155 in

11 2201 12 2242 i
67 2195 166 2238 unum
180 2179 272 2240 ictum
293 2188 324 2240 et
336 2195 429 2240 unum
446 2179 526 2240 diem
541 2187 674 2255 cogeret.
706 2183 780 2257 quid
800 2188 861 2241 tarn
878 2180 1045 2241 inauditum

69 2279 165 2336 quam
176 2271 358 2324 nocturnum
370 2263 576 2338 suppliciunt
591 2280 659 2324 curn
668 2266 826 2326 latrocinia
834 2264 966 2326 tenebris
975 2265 1044 2324 abs·

68 2346 163 2406 condi
179 2347 306 2420 soleant,
330 2348 620 2422 animadversiones,
644 2363 704 2426 quo
720 2349 855 2410 notiores
874 2355 952 2422 sunt,
976 2351 1044 2422 plus

68 2431 609 2507 inexemplumemendationemque
630 2432 799 2508 proficiant.
842 2433 879 2492 Et
899 2432 959 2492 hoc
976 2433 1076 2492 locos

68 2515 308 2590 respondebitur
323 2515 412 2574 milri:
433 2517 518 2590 quod
534 2523 618 2576 tanto
635 2531 729 2591 opere
744 2517 912 2588 admiraris,
928 2515 978 2574 isti
993 2515 1044 2573 be·

67 2599 139 2656 luae
155 2597 340 2659 cotidianum
356 2605 412 2658 est.
440 2598 645 2673 admonivit,
661 2599 700 2658 ad
714 2598 774 2658 hoc
791 2598 904 2672 vigilat,
926 2598 965 2656 ad
985 2597 1045 2656 hoc

67 2681 219 2742 lucubrat.
240 2683 335 2744 Nemo
344 2689 425 2743 certe
439 2683 609 2744 invenietur
621 2684 708 2755 alius,
721 2682 772 2756 qui
782 2680 1044 2756 imperaveritom-

67 2764 161 2826 nibus
176 2766 223 2840 iis,
239 2765 268 2826 in
286 2783 364 2842 quos
377 2765 575 2827 animadverti
590 2766 719 2840 iubebat,
735 2781 772 2826 os
786 2767 900 2826 inserta
914 2765 1046 2840 spongia

65 2848 192 2924 includi,
208 2867 247 2910 ne
257 2851 345 2911 vocis
357 2851 537 2910 emittendae
552 2850 699 2910 haberent
710 2850 890 2911 facultatem.
914 2849 962 2908 cui
981 2865 1045 2908 unr-

68 2949 163 3007 quam
178 2935 324 2994 morituro
344 2950 406 2994 non
421 2941 469 2993 est
482 2935 616 2994 relictum
637 2951 697 3010 qua
711 2939 866 3008 gemeret?
887 2933 990 3007 timuit,
1007 2949 1045 2993 ne

67 3032 162 3090 quam
176 3016 350 3078 liberiorem
364 3033 472 3078 vocem
487 3026 641 3100 extremus
657 3019 746 3078 dolor
758 3017 896 3090 mitteret,
917 3032 956 3076 ne
972 3018 1045 3092 quid

66 3099 155 3174 quod
174 3102 268 3161 nollet
288 3101 414 3161 audiret.
456 3101 573 3162 sciebat
594 3110 693 3162 autern
714 3100 944 3161 innumerabilia
963 3115 1043 3176 esse,

67 3198 150 3258 quae
165 3184 290 3245 obicere
303 3183 346 3261 illi
361 3199 450 3245 nemo
466 3182 524 3243 nisi
536 3185 686 3259 periturus
702 3185 837 3245 auderet.
862 3185 934 3244 Cum
950 3195 1076 3258 spon-4

65 3267 137 3341 giac
152 3284 215 3328 non
230 3269 446 3342 invenirentur,
463 3265 563 3328 scindi
578 3269 756 3342 vestimenta
772 3267 953 3328 miserorum
968 3277 998 3328 et
1013 3268 1043 3326 in

65 3367 104 3410 os
121 3351 223 3412 farciri
233 3366 354 3428 pannos
365 3351 540 3428 imperavit:
558 3367 636 3426 quae
651 3352 709 3412 ista
724 3353 851 3412 saevitia
866 3357 934 3412 estt
955 3351 1045 3410 liceat

64 3434 204 3496 ultimum
221 3435 361 3511 spiritum
375 3437 504 3496 trahere.
532 3435 572 3495 da
587 3433 723 3496 exiturae
737 3436 855 3495 animae
870 3437 979 3495 locum.
1009 3434 1042 3490 li·

65 3527 136 3576 eeat
149 3519 232 3580 illam
246 3536 309 3582 non
331 3535 385 3596 per
399 3521 508 3581 volnus
528 3518 672 3580 emittere.
701 3520 832 3580 Adicere
852 3519 900 3577 his
921 3518 1073 3588 tongums
