2522 3906
75 257 353 323 CONTUMELIAM
363 260 552 320 nccwntttt
560 260 787 322 SAPIENTEM.
795 263 998 324 XVII—XIX.
1010 263 1052 325 83

74 415 155 488 sima,
172 413 272 488 qualis
283 413 318 471 ·in
335 411 498 472 concubitu
512 418 685 474 essetuxor
696 412 771 487 eius,
783 414 903 474 obiecit.
926 415 957 474 di
970 415 1051 489 boni,

73 499 128 557 hoc
142 497 242 557 virum
260 495 386 568 audire,
406 495 578 570 principem
593 497 673 556 scire
688 503 718 557 et
731 509 832 572 usque
847 513 884 559 eo
900 499 1052 559 licentiam

76 580 267 656 pervenisse,
283 586 331 654 ut,
346 595 407 640 non
425 579 495 640 dico
512 579 681 654 consulari,
703 595 766 640 non
781 581 849 641 dico
866 583 979 658 amico,
995 585 1052 644 sed

74 672 184 725 tantum
195 663 307 725 marito
323 665 467 739 princeps
483 672 513 724 ct
527 663 708 725 adulterium
728 679 817 725 suum
839 674 941 726 narret
963 676 993 727 ct
1008 669 1051 726 la·

75 749 215 808 stidinmt
236 748 399 820 (incerere,
414 748 536 808 tribuno
548 748 681 819 militum,
693 763 796 810 sermo
812 766 873 810 non
889 765 946 824 pro
960 755 1080 810 manus

75 840 141 906 erat,
155 831 321 906 languidus
336 847 413 892 sono
429 838 467 906 et,
482 833 513 892 ni
529 833 609 892 lacta
622 847 744 907 nosses,
760 835 946 909 suspectior.
981 834 1052 894 huic

75 917 158 976 Caius
185 918 308 989 signum
333 917 445 990 petenti
469 916 562 977 modo
588 917 770 993 Veneris,
805 919 897 980 modo
922 917 1053 994 Priapi

74 1001 161 1060 dabat
187 1001 274 1060 aliter
299 1005 392 1074 atque
417 999 503 1060 aliter
527 1001 719 1075 exprobrans
745 1009 860 1062 armato
886 1003 1051 1068 mollitiam.

18 1133 20 1162 ζ
73 1085 144 1144 haec
159 1085 229 1160 ipse
245 1084 437 1159 perlucidus,
453 1085 646 1160 crepidatus,
661 1093 795 1148 auratus.
832 1088 934 1162 coegit
947 1087 1051 1162 itaque

18 1211 19 1216 η
71 1170 150 1227 illum
165 1169 209 1228 uti
226 1169 316 1240 ferro,
331 1183 371 1228 ne
387 1169 512 1242 saepius
528 1168 648 1242 signum
664 1177 795 1244 peteret:
810 1170 861 1230 illa
875 1171 991 1246 primus
1006 1174 1051 1230 in-

18 1249 19 1304 ἶ
70 1259 113 1312 ter
126 1252 305 1312 coniuratos
320 1268 443 1312 manum
459 1252 595 1326 sustulit,
611 1252 661 1312 ille
677 1253 827 1314 cervicem
842 1256 973 1314 mediam
988 1273 1050 1316 uno

71 1337 127 1395 ictu
142 1336 267 1396 decidit.
291 1337 454 1410 plurimum
471 1337 582 1396 deinde
596 1335 732 1410 undique
749 1338 886 1410 publicas
902 1355 938 1398 ao
951 1338 1050 1412 priva·

71 1427 114 1478 tas
127 1419 256 1480 iniurias
270 1419 480 1480 ulciscentium
495 1421 667 1496 gladiorum
681 1421 833 1495 ingestum
848 1428 903 1494 est,
921 1423 978 1480 sed
989 1424 1051 1496 pri-

71 1519 134 1563 mus
149 1504 200 1579 vir
214 1504 279 1578 tuit,
297 1504 350 1579 qui
363 1505 484 1564 minime
498 1505 584 1564 visus
601 1512 658 1565 ost.
699 1505 833 1564 Alidem
846 1503 937 1566 Caius
950 1507 1079 1575 omniaq

72 1581 270 1648 contumelias
287 1595 415 1664 putam,
440 1595 473 1649 at
492 1597 563 1648 sunt
588 1589 782 1648 serendarum
802 1587 981 1664 inpatientes
1007 1591 1051 1650 ia·

72 1673 245 1732 cicadarum
261 1672 463 1748 cupidissimi,
484 1673 580 1733 iratus
596 1673 652 1734 tuit
665 1673 818 1733 Herennia
834 1673 949 1746 Macro,
966 1675 1051 1749 quod

72 1756 147 1816 illurn
165 1756 296 1818 Gaium
309 1759 505 1818 salutaverat.
541 1773 598 1816 nec
618 1757 734 1830 inpune
753 1757 848 1816 cessit
863 1757 1049 1833 primipilari,

73 1840 151 1913 quod
166 1840 382 1915 Caligulam
398 1841 526 1901 dixerat.
562 1841 622 1900 hoo
637 1841 717 1900 enim
738 1840 769 1898 in
792 1842 901 1902 castris
917 1849 1007 1902 natus
1022 1849 1052 1901 et
1148 1851 1151 1860 ’

74 1925 208 1984 alumnus
223 1924 379 1998 legionum
393 1925 499 1984 vocari
514 1925 647 1997 solebat,
671 1925 754 1984 nullo
769 1926 892 1985 nomine
906 1923 1050 1985 militibus

74 2007 245 2068 familiarior
258 2024 404 2084 umquam
419 2009 528 2069 factus.
563 2009 621 2068 sed
641 2009 702 2067 iam
718 2007 930 2083 Caligulam
947 2009 1051 2068 convi-

75 2091 146 2153 cium
162 2101 193 2154 et
208 2093 356 2167 probrum
371 2093 533 2152 iudicabat.
570 2092 764 2153 conturbatis
779 2108 853 2168 ergo
875 2093 935 2153 hoc
950 2093 1080 2169 ipsum5

76 2177 179 2238 solatio
196 2175 261 2252 erit,
276 2177 395 2237 etianrsi
410 2183 516 2238 nostra
530 2175 660 2238 facilitas
674 2177 819 2236 ultionem
835 2178 979 2254 omiserit,
1007 2179 1052 2238 lu·

74 2268 166 2321 tumm
181 2262 314 2337 aliquem
330 2263 381 2337 qui
395 2275 513 2336 poenas
529 2261 632 2335 exigat
646 2278 663 2320 a
678 2275 812 2335 procace
827 2269 858 2322 et
871 2264 1007 2337 superbo
1023 2271 1053 2323 et

74 2345 232 2420 iniurioso,
261 2361 340 2420 quac
360 2345 433 2406 vitia
449 2361 614 2420 numquam
636 2345 666 2407 in
686 2361 748 2405 uno
764 2344 886 2406 homine
901 2353 931 2406 et
944 2347 975 2406 in
989 2363 1049 2406 rma

74 2429 249 2489 contumelia
263 2435 492 2490 consumuntur.
535 2428 750 2504 Respiciamus
773 2445 877 2490 eorum
900 2431 1050 2504 exempla,

18 2565 19 2572 ,
75 2529 197 2586 quorum
212 2513 374 2574 laudamus
391 2513 575 2588 patientiam,
590 2521 624 2573 ut
638 2513 790 2588 SocratiS,
808 2515 861 2590 qui
876 2513 1049 2574 comoedia-

18 2633 20 2666 ,
73 2612 132 2655 rum
146 2597 322 2672 publicatos
337 2599 367 2656 in
382 2613 417 2656 sc
433 2604 463 2656 ct
476 2603 634 2672 spectatos
656 2598 738 2658 sales
760 2597 791 2655 in
806 2603 923 2672 partem
937 2597 1051 2656 bonam

18 2741 19 2758 ,
73 2681 184 2756 accepit
209 2681 339 2756 risitque
359 2698 421 2742 non
443 2681 556 2754 minus,
588 2699 680 2758 quam
700 2695 769 2740 cum
793 2681 836 2741 ab.
852 2695 950 2740 uxore
968 2680 1050 2741 Xan-

18 2835 19 2846 *
57 2763 171 2840 ·thippc
196 2766 344 2825 inmunda
367 2781 449 2840 aqua
474 2767 718 2840 pertunderetur.
754 2763 928 2825 Antistheni
955 2772 1051 2827 mater

18 2873 20 2906 i
72 2848 196 2910 barbara
210 2857 242 2909 et
254 2849 407 2909 Thraessa
422 2849 619 2910 obiciebatur.
653 2848 815 2925 respondit
835 2856 872 2908 et
892 2850 1050 2913 deorum

73 2941 222 2992 matrem
244 2933 395 2992 idaeam
418 2948 516 2994 esse.

124 3017 202 3078 XIX
229 3017 297 3076 Non
314 3024 362 3076 est
375 3016 411 3076 in.
420 3018 519 3078 rixam
534 3020 842 3094 colluctationemque
855 3017 1049 3078 veniendum.
1063 3037 1078 3088 l

71 3104 172 3173 procul
188 3101 347 3160 auferendi
364 3103 460 3177 pedes
477 3109 547 3162 sunt
561 3110 590 3163 et
606 3101 753 3179 quicquid
766 3103 876 3163 horum
890 3101 928 3160 ab
944 3100 1049 3177 inpru-

72 3183 207 3245 dentibus
222 3185 369 3261 fict(ficri
385 3193 485 3248 autem
507 3187 565 3246 nisi
581 3188 620 3248 ab
641 3186 877 3284 inprudentibus
899 3201 961 3244 non
982 3194 1049 3262 pot-

71 3273 122 3339 est)
139 3269 368 3344 neglegendum
389 3279 419 3332 c
406 3271 604 3334 thonorcs
597 3272 788 3347 iniuriaeque
812 3268 929 3344 volgi
922 3286 952 3328 m
979 3287 1049 3346 pro·

18 3337 20 3408 i
70 3366 180 3413 miscuo
192 3353 366 3414 habendae
393 3371 449 3414 nac
460 3354 509 3414 ins
522 3355 753 3416 dolendumnec
767 3353 826 3416 lllls
838 3353 1048 3428 gaudendum

18 3447 19 3454 ¹
69 3436 198 3533 alioquin
220 3438 315 3497 multa
335 3439 453 3500 timore
468 3441 717 3500 contumeliarum
743 3445 795 3499 aut
820 3437 921 3497 taedio
942 3451 1049 3495 neces-
1062 3449 1079 3500 2

69 3520 144 3581 saria
177 3522 352 3582 omittemus
384 3521 577 3598 publicisque
609 3532 638 3585 ct
672 3523 799 3599 privatis
832 3519 958 3590 officiis,
996 3519 1042 3574 ali>

104 3625 204 3665 seneen
220 3626 291 3666 nura.
307 3611 327 3665 l.
