2554 3888
161 269 216 330 an
226 233 938 344 nanninumnrnnnnnconsumamus.
950 295 976 345 a.
987 284 1017 347 a*
1034 271 1113 346 aar·

121 421 238 516 yictum
256 423 400 522 'animum
425 439 506 495 tenet
524 437 701 510 exploratae
720 435 778 494 iam
793 435 951 498 firrrritatis.
982 435 1095 495 namin

120 519 193 578 rpsa
214 508 360 572 felicitate
375 515 448 589 quid
464 526 569 580 contra
582 518 785 578 infelicitatem
799 520 927 591 valeret,
950 526 1095 593 expertus

119 596 179 648 est.
212 591 324 690 ltaque
343 611 402 671 ego
424 601 453 660 in
475 601 548 676 iliis,
570 609 649 678 qdae
664 618 770 662 omnes
786 609 905 676 optant,
926 603 1133 664 existimaviti

116 685 246 766 semper
261 677 336 737 nilnl
352 683 417 742 veri
432 685 505 746 boni
520 686 632 746 inesse.
661 695 724 746 tum
738 685 840 745 inania
854 694 885 745 et
899 687 1043 760 specioso
1059 701 1097 744 ac

219 768 221 770 ’
355 752 584 830 ““·’τοιιιη1ἰιει
608 770 727 842 inveni,
754 770 832 830 intra
857 767 930 828 nibil
955 768 1097 830 habentia

458 869 539 912 nunc
556 853 586 912 in
600 853 663 924 his,
682 868 761 928 quae
776 851 856 912 maia
870 859 1031 925 vocantur,
1053 853 1096 911 ni-

455 936 568 996 durum
582 937 702 997 invenio
719 953 809 1011 quam
826 935 930 1011 opinio
945 936 1028 1010 volgi
1042 937 1096 994 mi-

447 1019 564 1094 tuidem
585 1019 685 1095 ipsum
705 1021 906 1094 persuasione
922 1019 1054 1094 quadam
1068 1027 1098 1079 et

445 1103 526 1164 arius
540 1104 579 1162 ad
596 1119 686 1164 aures
704 1105 787 1164 venit
802 1112 832 1173 et
849 1101 1007 1164 audientes
1023 1109 1097 1161 tam-

448 1185 586 1246 ecrabiie
601 1188 683 1247 lenit:
700 1188 741 1248 ita
755 1188 833 1247 enim
850 1189 983 1263 populus
1000 1187 1097 1246 iussit.

435 1285 446 1330 ;
469 1286 578 1345 magna
595 1279 680 1345 parte
695 1271 848 1345 sapientes
863 1271 1020 1345 abrogant.

433 1371 478 1428 ,ro
493 1353 607 1415 iudicio
623 1355 768 1429 plurium,
790 1371 869 1429 quos
885 1354 982 1429 prima
996 1353 1126 1412 reruml

443 1439 570 1498 eredita
584 1445 640 1511 est,
656 1440 761 1511 aufert„
776 1439 990 1510 videamus,
1007 1437 1098 1511 quid

424 1535 454 1579 n
470 1518 863 1598 pelociconmu'tatio.
885 1536 924 1580 ne
935 1529 1099 1595 angustare

420 1621 427 1654 ··
451 1605 605 1682 quicquid
621 1606 788 1680 pessimum
804 1605 833 1664 in
850 1620 884 1665 se
899 1603 1004 1678 babet,
1026 1603 1099 1662 sub-

420 1688 1098 1763 nmutationemlocisequunturin·

419 1771 1098 1848 pertas,ignominia‚contemptus.

429 1855 827 1929 posteaccnlligamz
851 1855 1098 1928 interimpri-

419 1941 512 2000 leri
534 1941 641 2013 volo,
668 1939 762 2014 quid
787 1937 918 1998 acerbi
946 1937 1100 1996 adierat

417 2024 568 2084 utatio.

417 2115 442 2161 a
477 2107 666 2168 intolerabile
691 2111 774 2166 est.“
803 2101 943 2180 'Adspice
969 2103 1130 2178 ageduma

439 2190 498 2250 cui
509 2192 562 2250 vix
573 2191 659 2250 urbis
672 2190 828 2249 inmensae
840 2194 918 2249 tecta
929 2186 1100 2268 sufiiciunta

408 2281 455 2329 as
472 2274 579 2334 turbae
594 2275 690 2350 patria
706 2281 797 2333 caret.
831 2289 870 2332 ex
884 2271 1056 2345 municipiis
1071 2277 1102 2330 et

405 2365 416 2408 ί
447 2363 519 2418 toto
537 2359 670 2433 denique
689 2357 763 2417 orbe
782 2365 927 2416 terrarum
943 2353 1101 2415 confluxe·

403 2437 479 2502 ixit
492 2442 632 2513 ambitio,
658 2441 735 2500 alios
750 2441 919 2500 necessitas
935 2437 1028 2498 cilicii
1045 2455 1100 2512 pu·

403 2515 463 2584 ita
479 2527 606 2600 legatio,
627 2525 704 2584 alios
718 2523 838 2583 luxuria
851 2528 1056 2597 opportunum
1072 2527 1102 2578 et

401 2617 516 2669 voerum
533 2623 694 2685 quaerens
709 2607 786 2666 alios
802 2605 968 2666 liberalium
985 2603 1099 2663 studio·
1129 2633 1131 2638 ·

402 2683 672 2768 iosspectaoula.
695 2690 845 2764 quosdam
859 2689 949 2748 traxit
962 2685 1100 2760 amicitia,

406 2783 438 2830 a
463 2779 563 2837 laxam
578 2774 790 2836 ostendendae
805 2773 905 2833 virtuti
918 2775 1028 2831 nancta
1038 2787 1101 2829 ma-

404 2859 554 2920 renatam
569 2860 697 2919 formam
710 2857 897 2929 adtulerunt,
912 2855 1034 2931 quidam
1050 2869 1102 2913 ve-

403 2949 464 3000 m,
495 2944 616 3003 Nullum
633 2957 691 3000 non
707 2942 862 3002 hominum
878 2953 975 3015 genus
990 2941 1134 2998 conen-3

400 3021 412 3074 l
437 3027 608 3088 virtutibus
623 3033 653 3084 et
666 3025 747 3085 uitiis
758 3039 868 3099 magna
880 3022 976 3099 pretia
988 3035 1102 3097 ponen-

398 3115 519 3170 tmnes
535 3111 699 3170 adnomen
714 3109 798 3176 citari
812 3116 842 3168 et
860 3106 970 3180 „unde
984 3107 1103 3167 dom0“

400 3197 469 3249 re:
490 3193 609 3253 videbis
623 3193 768 3252 maiorem
784 3197 900 3266 partem
915 3205 1002 3265 esse,
1024 3205 1105 3266 quae

400 3276 479 3336 »uis
496 3275 613 3336 uenerit
627 3275 657 3334 in
672 3276 833 3335 maximam
849 3273 971 3348 quidem
986 3289 1022 3334 ac
1038 3275 1104 3349 pul-

400 3363 413 3408 ἱ
428 3401 443 3429 ,
464 3367 639 3421 nontamen
655 3373 751 3418 suam.
772 3357 889 3418 Deinde
904 3357 1016 3419 abbae
1031 3353 1142 3417 civi-41

402 3445 457 3502 ie
475 3442 568 3505 veluti
587 3443 756 3502 communis
779 3449 880 3517 potest
894 3441 964 3500 dici.
997 3455 1103 3502 omnes

402 3521 475 3588 alla
486 3544 547 3589 non
558 3541 699 3601 magnam
711 3535 825 3602 partem
838 3525 1017 3601 peregrinae
1028 3523 1105 3581 mul·
