2546 3890
254 203 384 298 nunus
399 236 451 298 nn
463 235 597 299 uonna
612 237 778 302 cmuon.
801 247 916 304 9-11.
1005 241 1066 306 271

89 389 220 453 intuenti
240 391 410 452 domestica
429 393 518 452 mala.
551 392 655 468 itaque
675 393 727 452 illa
747 393 896 466 omittam,
921 393 998 454 haec
1018 411 1065 455 re·

91 477 198 536 ieram.
234 475 310 536 Nam
331 475 448 536 etiamsi
468 475 607 537 tormea*
628 476 745 536 Graece
768 477 880 550 nescit,
908 493 966 553 ego
988 479 1063 540 scio.

89 557 690 622 ENTYOONTONNYKNNAIHE.
724 559 741 596 *
795 559 937 622 senescit.
995 562 1096 636 Iste,4

91 658 183 718 quern
196 641 322 716 videtis,
341 657 397 717 per
407 649 452 703 tot
463 659 561 704 annos
573 644 631 704 sub
642 659 712 704 meo
724 644 846 706 nomine
856 645 971 718 latens,
985 643 1066 705 hanc

89 726 163 786 mihi
178 726 305 801 gratiam
319 726 435 800 retulit,
454 734 488 788 ut
502 727 580 788 duas
594 727 688 788 Iulias
703 734 869 803 proneptes
883 743 969 788 meas
983 729 1064 790 occi-

87 811 191 882 deret,
218 810 341 871 aiteram
363 811 461 884 terro,
487 811 612 872 aiteram
637 812 730 870 tame=
762 827 855 871 unum
881 812 1064 887 abnepotem

88 894 123 953 L.
136 891 283 954 Silanum.
312 893 453 966 Videris,
468 893 596 970 Iupiter,
618 911 657 954 an
674 893 703 954 in
720 910 814 954 causa
825 897 921 968 mala,
937 901 1019 956 certe
1030 896 1064 954 in

89 984 142 1037 tua
162 979 202 1038 sit
219 993 332 1053 aequus
353 977 487 1050 iuturus,
514 978 606 1038 etdic
619 977 707 1050 mihi,
734 979 805 1038 dive
827 978 946 1051 Claudi,
968 994 1064 1052 quare

90 1075 275 1137 quemquam
289 1074 329 1120 ex
341 1059 407 1134 his,
429 1077 509 1136 quos
525 1077 667 1137 quasque
681 1063 835 1135 occidisti,
850 1071 1013 1135 antequam
1025 1062 1064 1122 de

90 1160 185 1204 causa
197 1159 413 1220 cognosceres,
426 1151 590 1222 antequam
602 1146 735 1218 audires,
747 1145 920 1205 damnasti?
941 1145 1000 1204 hoc
1011 1145 1063 1206 ubi

90 1227 156 1288 iieri
171 1229 271 1290 solete
292 1228 323 1287 in
339 1229 427 1288 coeio
443 1245 504 1289 non
519 1229 561 1290 fit.

150 1312 201 1370 XI.
223 1311 305 1373 Ecce
318 1311 447 1387 Iupiter,
470 1313 523 1388 qui
536 1319 582 1373 tot
596 1327 695 1372 annos
709 1319 830 1386 regnat,
857 1311 909 1372 uni
923 1313 1062 1374 Volcano
1076 1319 1090 1370 1

7 1469 9 1472 Ι
89 1411 159 1456 crus
175 1395 278 1472 fregit,
294 1411 387 1471 quem

187 1475 263 1558 ῥῖψε
280 1471 383 1551 ποδὸς
396 1470 544 1558 τεταγὼν
558 1469 623 1538 ἀπὸ
639 1478 747 1558 βηλοῦ
760 1479 963 1554 θεσπεσίοιο,
986 1491 990 1501 ‘

88 1569 130 1637 [et
141 1568 171 1620 in
188 1569 305 1622 Lemnon
320 1569 396 1622 coelo
413 1568 584 1634 deturbavit,
608 1585 662 1620 uon
677 1567 816 1634 extinxit].
845 1569 875 1622 ei
895 1561 990 1622 iratus
1009 1562 1064 1622 fuit

89 1645 178 1708 uxori
199 1652 230 1706 et
250 1646 413 1723 suspendit
432 1647 527 1706 ittam=
555 1645 705 1722 numquid
725 1644 858 1708 occidit?
886 1645 930 1706 Tu
943 1645 1063 1707 Messa-

87 1730 195 1805 linam,
224 1731 312 1792 cuius
333 1745 433 1806 aeque
455 1731 625 1790 avunculus
646 1729 743 1790 maior
761 1745 845 1790 eram
867 1743 962 1804 quam*
982 1736 1062 1804 tuus,

88 1814 239 1876 occidisti.
268 1813 396 1886 Nescio,
411 1814 535 1889 inquis?
554 1815 591 1874 Di
601 1813 655 1874 tibi
666 1813 871 1872 malefaciant:
890 1813 971 1874 adeo
984 1812 1063 1874 istuc

88 1900 207 1975 turpius
222 1907 284 1971 cst,
309 1899 393 1974 quod
414 1897 541 1958 nescisti
557 1913 648 1972 quam
665 1895 748 1971 quod
763 1896 911 1957 occidisti.
945 1897 975 1956 C.
989 1896 1093 1960 Cae-2

88 1998 191 2044 sarem
206 1997 268 2043 non
285 1982 376 2044 desiit
388 1989 539 2042 mortuum
555 1981 710 2056 persequi.
740 1979 895 2041 occideret
909 1979 959 2039 ilie
974 1995 1061 2040 soce·

87 2083 171 2128 rum:
193 2065 243 2126 hic
264 2073 294 2126 ct
314 2081 471 2141 generum.
504 2065 592 2125 Caius
614 2064 727 2142 Caesar
741 2063 844 2124 Crassi
858 2063 953 2124 filium
968 2064 1063 2124 vetuit

87 2151 233 2226 Magnum
247 2150 367 2211 vocari:
388 2150 438 2210 hic
452 2165 563 2211 nomen
578 2148 620 2210 ilii
632 2144 779 2220 reddidit,
796 2153 888 2224 caput
901 2148 976 2208 tulit
1005 2145 1062 2208 Oc-

88 2232 163 2294 cidit
185 2233 216 2292 in
236 2249 298 2294 una
319 2235 410 2294 domo
423 2234 576 2295 -crassum
591 2233 750 2306 Magnum,
773 2230 981 2305 Scriboniam,
1000 2229 1061 2290 Tri·-

88 2315 245 2390 sdoniam,
263 2319 464 2394 [cessionum]
479 2317 695 2387 Assarionem,
711 2315 830 2377 nobiles
842 2323 958 2377 tarnem
974 2313 1061 2376 cras·

87 2418 157 2461 sum
174 2415 247 2461 vero
262 2407 323 2460 tam
339 2402 469 2474 fatuum,
486 2409 520 2462 ut
532 2401 622 2461 etiam
631 2415 761 2474 regnare
771 2406 888 2474 posset
917 2398 1093 2473 Cogitates

86 2485 119 2546 P.
131 2484 173 2558 C,
193 2485 283 2559 quale
298 2492 470 2560 portentum
486 2483 689 2544 innumerum
705 2483 833 2544 deorum
850 2497 886 2564 se
899 2482 996 2556 recipi
1010 2497 1062 2541 cu-

89 2568 161 2646 piat.
201 2569 353 2648 [Principes
372 2575 477 2644 pietate
497 2572 646 2629 etiustitia
659 2572 699 2624 dii
711 2573 788 2626 fiunt.
818 2570 931 2624 Scilicet
943 2569 987 2622 bio
1001 2569 1062 2638 pius

87 2663 117 2710 et
130 2658 232 2724 iustus,
253 2658 375 2728 quoniam
386 2659 544 2712 Druidarum
554 2649 676 2727 perfidas
690 2656 780 2726 gentis
792 2654 913 2708 Gallicas
927 2654 1063 2706 immanem

85 2741 259 2810 religionem,
275 2761 292 2795 e
305 2759 358 2813 qus
369 2744 443 2796 cives
455 2743 654 2808 submoverem,
669 2757 780 2810 prorsus
791 2739 953 2809 extirpavit,
965 2744 997 2791 ut
1007 2738 1063 2790 Ro-

85 2843 145 2878 rnae
160 2826 312 2896 nuptiarum
325 2831 521 2892 sacrantem,
546 2825 642 2896 quibus
662 2825 738 2894 ipse,
765 2841 824 2878 curu
842 2823 897 2876 sibi
910 2821 1062 2892 Agrippina

86 2911 218 2978 nuberet,
243 2909 334 2964 XXX.
369 2911 562 2976 donatoribus,
590 2911 732 2963 innumeris
756 2909 810 2978 Eq.
831 2908 910 2966 Rom.
928 2905 1062 2971 mactatis,

86 2995 248 3064 principium
262 2994 359 3064 dedit]
391 2989 472 3050 huno
487 3005 569 3049 nunc
584 2989 675 3049 deum
690 2988 792 3048 iacere
809 2987 923 3047 vultis?
950 2983 1061 3044 Videte

6 3071 7 3074 ’
87 3089 203 3147 corpus
219 3073 286 3134 eius
302 3074 350 3136 dis
364 3073 448 3134 iratis
463 3080 574 3134 uatum,
603 3073 644 3132 ad
658 3087 807 3132 summam
821 3071 879 3132 tria
892 3068 988 3130 verba
1002 3068 1061 3128 cito

87 3157 169 3216 dieat
183 3164 214 3216 et
230 3173 352 3218 servum
368 3173 417 3218 me
432 3157 533 3218 ducat.
568 3157 658 3216 Hunc
674 3155 764 3215 deum
781 3154 851 3229 quis
866 3154 968 3215 ootett
993 3152 1091 3226 quise

87 3240 214 3300 credet?
235 3242 306 3302 dum
321 3243 396 3302 tates
408 3242 485 3302 deos
498 3239 606 3312 tacitis,
619 3253 709 3298 nemo
717 3238 939 3299 vosdeosesse
947 3236 1060 3296 credet.

88 3321 215 3384 Summa
228 3325 287 3399 rei,
308 3325 341 3389 P.
355 3326 396 3399 0.,
408 3324 436 3385 si
449 3325 579 3384 honeste
594 3327 661 3398 [me]
677 3323 755 3382 inter
765 3337 823 3383 vos
834 3320 934 3397 gessi,
949 3318 977 3380 si
987 3318 1061 3380 nulli

86 3407 196 3468 durius
208 3409 366 3490 respondi,
379 3408 533 3470 vindicate
545 3407 669 3468 iniurias
680 3421 775 3466 mens.
796 3405 862 3479 ugo
875 3419 932 3480 pro
940 3410 1061 3466 seuten-

87 3489 128 3550 tia
139 3507 210 3552 mea
220 3491 281 3553 hoc
288 3507 401 3554 censeo
409 3498 443 3549 ε’(
458 3498 549 3569 atque
557 3488 599 3552 ita
606 3505 646 3550 ex
653 3488 922 3550 tabellarecitavit=
942 3486 1090 3563 „Quen-5
