2554 3888
129 281 134 288 .
171 236 226 296 AD
238 235 437 298 POLYBIUM
447 235 499 298 DE
510 234 812 298 CONSOLATIONE.
833 245 859 300 9.
871 247 913 299 10.
931 243 999 312 [id]
1022 237 1085 304 227

6 439 7 446 ,
108 403 175 446 mas
190 387 281 447 beato
295 387 403 462 recipit
417 385 501 459 sinu,
516 393 547 445 et
557 401 639 446 nunc
651 383 712 445 illic
723 386 818 446 libere
830 394 958 461 vagatur
970 387 1085 448 omnia-

109 486 170 545 que
187 486 289 530 rerum
303 479 430 531 naturae
444 471 527 531 bona
541 485 611 530 curn
626 485 744 530 summe
760 471 914 545 voluptate
927 470 1084 548 perspicit.

108 569 210 614 erras=
237 570 299 614 non
319 553 453 630 perdidit
471 555 570 613 lucem
589 555 682 614 irater
701 560 788 625 tuns,
815 555 872 614 sed
894 554 1081 616 securiorem

107 637 235 700 sortitus
250 643 307 698 est
345 636 491 697 Omnibus
505 637 557 697 illo
571 637 661 697 nobis
678 652 838 698 commune
854 645 902 699 est
915 637 987 699 item
1011 639 1113 713 quida

106 721 172 782 lata
197 717 369 782 dellemusr
407 737 468 780 non
497 720 620 796 reliquit
642 721 693 780 ille
719 737 792 795 nes,
826 723 883 781 sed
908 723 1085 784 antecessit.

107 805 177 884 [aa]
204 805 276 879 Est,
297 803 497 878 mihicrede,
519 819 629 878 magna
648 803 778 865 felicitas
799 805 830 863 in
851 806 920 880 ipsa
941 807 1084 867 lelicitate

105 889 267 949 moriendi.
302 887 375 950 nihil
394 903 434 948 ne
450 886 481 947 in
499 895 596 948 totum
613 887 737 962 quidem
748 889 828 948 diem
841 889 914 948 certi
930 897 992 950 est:
1013 889 1085 963 quis

6 1017 8 1056 ,
106 973 137 1032 in
152 979 213 1032 tam
227 972 361 1033 obscura
372 978 404 1032 et
417 972 553 1032 involuta
565 971 690 1032 veritate
702 972 832 1046 divinat,
849 979 990 1032 utrumne
1000 973 1084 1034 lratri

106 1064 159 1118 tuo
175 1071 259 1116 mors
276 1055 419 1116 inviderit
432 1071 471 1114 an
486 1056 694 1116 consuluerit?

169 1139 205 1199 X.
233 1139 335 1200 Illud
364 1155 536 1214 quoque,
565 1156 627 1215 qua
641 1139 755 1200 iustitia
775 1140 806 1198 in
828 1139 970 1200 omnibus
991 1139 1112 1200 rebnsl

106 1239 157 1295 eS,
178 1239 344 1283 necesse
363 1230 424 1302 est
444 1230 481 1282 te
502 1220 662 1284 adiuvet
682 1223 920 1298 cogitantem
938 1239 1012 1284 non
1027 1225 1083 1282 in·

105 1308 245 1367 iuriam
270 1307 341 1367 tibi
366 1308 522 1379 iactam,
549 1307 650 1381 quod
672 1308 788 1368 talem
810 1307 970 1367 lratrem
992 1308 1083 1366 ami-

106 1390 214 1463 sisti,
236 1389 711 1464 sedbeneliciumdatum,
735 1391 1083 1465 quodtumdiutibi

105 1475 255 1549 pietate
277 1475 361 1534 eius
382 1475 436 1534 uti
459 1473 616 1548 fruique
635 1474 763 1535 licuit,
804 1474 931 1548 Iniquus
947 1481 1008 1548 cst,
1030 1475 1110 1549 quia

105 1557 243 1618 muneris
256 1559 303 1618 sui
316 1557 472 1617 arbitrium
482 1557 566 1617 danti
576 1574 638 1617 non
649 1557 801 1633 relinquit,
817 1556 942 1632 avidus,
957 1558 1082 1633 quinon

105 1640 184 1702 lucri
198 1643 267 1702 loco
279 1641 386 1715 habet,
402 1641 487 1716 qnod
503 1641 630 1716 accepit,
646 1642 703 1701 sed
717 1641 828 1714 damni,
845 1642 930 1716 qnod
939 1641 1082 1702 reddidit.

105 1727 243 1800 ingratus
257 1732 319 1798 est,
337 1726 389 1800 qni
403 1723 542 1784 iniuriam
558 1731 648 1784 vocat
661 1725 753 1785 linem
765 1726 945 1800 voluptatiS‚
962 1727 1081 1798 stultns,

106 1809 160 1884 qni
174 1810 288 1869 nullum
304 1809 434 1870 lruclum
450 1824 524 1867 esse
535 1815 622 1882 putat
631 1808 782 1869 bonorum
795 1809 854 1874 nisi
867 1810 1082 1882 praesentium,
1183 1823 1185 1830 ’

110 1893 159 1968 qui
175 1909 237 1970 nun
252 1891 328 1953 etin
343 1891 514 1968 praeteritis
530 1891 704 1967 adquiescit
718 1898 748 1952 et
762 1907 799 1951 ea
814 1891 927 1952 iudicat
941 1893 1080 1966 certiora,

107 1992 187 2052 quae
208 1975 363 2049 abierunt,
387 1977 459 2050 quia
479 1975 518 2034 de
538 1975 597 2036 illis
619 1991 658 2034 ne
680 1976 822 2036 desinant
836 1991 897 2036 non
913 1982 961 2035 est
974 1975 1080 2036 timen-

106 2061 188 2120 dum.
229 2059 323 2119 Nimis
345 2066 486 2134 angustat
504 2059 617 2133 gandia
639 2075 711 2134 sua,
732 2059 784 2134 qui
803 2061 848 2120 eis
862 2059 1111 2131 tantummod0‚3

107 2159 188 2218 quae
200 2143 292 2203 habet
306 2159 342 2202 ac
354 2143 453 2215 videt,
468 2143 527 2202 frui
543 2157 578 2202 se
592 2151 679 2218 putat
693 2149 724 2203 et
737 2143 884 2204 habuisse
900 2143 1008 2202 eadem
1024 2159 1080 2218 pro

105 2225 200 2287 nihilo
219 2226 309 2286 ducit.
330 2227 389 2286 cilo
401 2227 480 2286 enim
492 2241 550 2287 nos
562 2227 662 2288 omnis
674 2228 815 2302 voluptas
827 2225 985 2301 relinquit,
1002 2243 1081 2301 quae

106 2309 173 2370 fluit
187 2316 218 2369 et
231 2311 339 2372 transit
354 2318 384 2370 et
397 2325 498 2386 paene
512 2317 676 2385 antequam
690 2309 791 2370 veniat
806 2312 950 2371 anlerlur.
978 2310 1081 2385 itaque

105 2395 135 2452 in
156 2394 351 2468 praeteritum
371 2401 491 2468 tempus
512 2394 631 2454 animus
647 2393 811 2455 mittendus
827 2403 875 2454 est
889 2401 919 2454 et
933 2392 1081 2468 quicquid

105 2493 164 2538 nos
186 2493 331 2552 umquam
352 2477 528 2551 delectavit,
550 2478 759 2538 reducendum
776 2493 814 2536 ac
829 2477 980 2550 lrequenti
997 2477 1080 2550 cogi·

104 2561 220 2622 tatione
242 2561 488 2636 pertractandum
510 2569 566 2622 est.
602 2561 737 2634 Longior
758 2560 940 2634 fideliorque
955 2566 1004 2619 est
1017 2575 1079 2618 me-

104 2646 202 2708 moria
217 2647 421 2720 voluptatum,
445 2661 535 2720 quam
548 2645 730 2719 praesentia.
764 2643 852 2718 Quod
862 2642 995 2703 habuisti
1007 2648 1110 2717 ergol

105 2730 252 2804 optimum
274 2729 412 2802 fratrem,
434 2728 464 2787 in
480 2727 608 2789 summis
622 2728 711 2788 bonis
726 2742 816 2802 pone.
850 2727 918 2786 Non
932 2727 1079 2802 estquod

105 2814 237 2888 cogites,
267 2819 380 2887 quanto
406 2813 517 2872 diutins
537 2811 658 2870 habere
673 2811 826 2886 potueris,
855 2809 913 2870 sed
935 2810 1080 2885 quamdiu

40 2930 42 2935 ·
103 2896 259 2958 habueris.
295 2895 409 2956 Rerum
427 2903 535 2956 natura
549 2895 632 2954 illum
646 2895 700 2955 tibi
718 2894 796 2954 sicut
811 2892 921 2954 ceteris
937 2893 1079 2954 iratribus

104 2982 171 3042 suis
192 2996 254 3041 nun
274 2979 428 3054 mancipio
450 2979 548 3052 dedit,
572 2979 628 3038 sed
649 2977 868 3039 commodante
894 2992 964 3036 cum
979 2977 1078 3036 visum

105 3073 153 3125 est
167 3062 295 3138 deinde,
316 3062 439 3138 repetiit
449 3077 507 3121 nec
522 3070 604 3123 tuam
618 3061 648 3121 in
662 3077 700 3123 eo
715 3060 884 3123 satietatem
900 3068 1007 3121 secuta
1021 3069 1078 3135 est,

104 3149 162 3208 sed
176 3163 264 3208 suam
277 3147 386 3224 legem.-
423 3145 540 3222 Siquis
559 3146 720 3221 pecuniam
738 3145 882 3206 creditam
900 3143 1034 3206 solvisse
1045 3153 1107 3206 sec

103 3232 232 3292 moleste
247 3232 338 3303 ierat,
350 3245 422 3290 eam
438 3227 631 3305 praesertim,
647 3231 735 3291 cuius
748 3246 838 3290 usum
853 3228 1016 3304 gratuitum
1027 3245 1078 3290 ac-

103 3316 234 3390 ceperit,
252 3331 355 3375 ncnne
369 3313 499 3374 iniustus
515 3313 561 3372 vir
575 3312 743 3374 habeatur?
766 3311 858 3374 Dedit
871 3319 981 3376 natura
995 3310 1078 3373 lrutri

102 3407 154 3460 tuo
169 3399 277 3472 vitam,
294 3397 378 3458 dedit
392 3405 422 3457 et
435 3397 503 3458 tibi:
527 3411 607 3472 qnae
621 3413 679 3458 suo
694 3397 760 3457 iure
773 3413 846 3471 usa,
868 3414 960 3474 aquo
971 3394 1075 3464 voluit,

102 3483 237 3544 debiturn
258 3499 348 3544 snum
364 3482 451 3542 citius
466 3479 577 3556 exegit.
612 3497 674 3542 non
687 3481 739 3542 illa
752 3481 783 3541 in
798 3483 890 3556 culpa
903 3488 966 3554 est,
988 3475 1076 3538 cuius

857 3565 913 3626 15*
