2546 3890
307 237 356 296 on
379 235 597 296 onanmunn
621 235 693 294 nie.
705 235 727 294 1.
749 244 846 298 ⁵-a
979 260 980 264 κ
1008 219 1069 297 eal

98 396 196 464 toque
209 388 239 446 in
256 387 371 446 maiore
386 388 516 447 materia·
524 389 660 462 adparet.
698 388 876 461 Quantulum
890 389 969 448 enim
981 397 1072 450 nocet

100 473 221 546 privata
237 471 423 530 crudelitas?
450 472 620 544 principum
636 472 763 530 saevitia
775 471 888 532 bellum
905 480 961 532 cst.
997 473 1108 533 cumb
1153 527 1156 533 .

100 562 202 616 autem
218 553 376 614 virtutibus
391 555 469 614 inter
482 570 517 614 se
531 555 571 614 sit
586 554 750 616 concordia
763 569 820 614 neo
831 555 892 614 ulla
904 555 999 614 altera
1009 571 1071 614 me-

99 639 159 698 lior
176 645 228 697 aut
246 637 403 716 honestior
424 637 476 709 sit,
507 638 656 710 quaedam
677 645 777 697 tamen
799 638 980 712 quibusdam
1003 653 1071 714 per-

100 721 188 782 sonis
200 719 299 795 aptior
310 726 370 779 est:
393 720 481 779 decet
490 721 719 796 magnanimitas
731 713 895 795 quemlibet
905 725 1071 795 mortalem,

100 805 192 864 eliam
209 803 306 875 illum,
326 801 405 862 inira
421 817 511 876 quem
526 803 599 862 nihil
620 809 675 863 est.
705 805 777 878 quid
798 805 878 862 enim
901 804 999 864 maius
1021 811 1079 864 aut.

100 885 210 948 lortius
232 901 323 960 quam
345 888 453 946 malam
477 887 628 946 fortunam
652 887 838 946 retunderet
868 886 944 946 haec
972 895 1072 946 tamen

102 969 359 1044 [magnanimitas]
381 970 411 1028 in
431 969 514 1028 bona
536 970 657 1029 fortuna
682 969 829 1029 laxiorem
856 969 957 1030 locum
982 970 1074 1030 habet

100 1053 273 1128 meliusque
292 1053 322 1110 in
342 1052 482 1112 tribunali
505 1069 596 1127 quam
616 1053 646 1110 in
669 1053 761 1127 plano
776 1053 972 1128 conspicitur.
1008 1053 1110 1119 (lle-o

102 1137 215 1196 mentia
234 1137 265 1195 in
282 1151 505 1210 quamcumque
523 1136 646 1195 domum
661 1136 849 1212 pervenerit,
873 1151 939 1195 earn
955 1137 1073 1196 felicem

101 1221 356 1294 tranquillamque
378 1218 558 1292 praestabit,
587 1219 643 1278 sed
660 1218 690 1277 in
705 1217 791 1294 regia
806 1234 867 1294 quo
893 1220 1006 1294 rarior,
1033 1235 1071 1279 eo

102 1303 275 1362 mirabilior.
302 1303 376 1378 quid
388 1302 467 1362 enim
483 1310 530 1362 est
543 1301 769 1362 memorabilius
785 1318 969 1378 quamcum,
985 1303 1072 1362 cuius

104 1389 167 1446 irae
184 1386 255 1445 nibil
271 1385 385 1458 obstat,
408 1385 495 1446 cuius
510 1385 642 1460 graviori
657 1385 825 1445 sententiae
842 1385 902 1461 ipsi
919 1386 970 1460 qui
986 1401 1072 1460 pere-

104 1477 159 1530 unt
173 1470 397 1542 adsentiuntur,
420 1485 511 1544 quem
527 1484 617 1529 nemo
631 1469 874 1543 interpellaturus
889 1477 950 1542 est,
972 1467 1080 1544 immo,

105 1554 132 1614 si
157 1553 366 1612 vehementius
393 1553 578 1626 excanduit,
611 1568 668 1612 nec
694 1553 914 1626 deprecaturus
941 1552 1079 1627 quidem,.

104 1638 206 1712 ipsum
221 1637 280 1695 sibi
295 1651 416 1696 manum
430 1635 544 1696 inicere
558 1642 588 1696 et
601 1642 752 1710 potestate
767 1637 867 1696 suain
884 1637 993 1696 melius
1009 1637 1073 1709 pla·

105 1719 268 1794 cidiusque
287 1720 345 1791 uti,
375 1719 434 1780 hoc
454 1720 556 1794 ipsum
579 1720 775 1794 cogitantemr
805 1719 946 1779 occidere
969 1725 1076 1778 contra

105 1804 204 1878 legem
219 1819 308 1862 nemo
324 1785 385 1862 noir
401 1809 517 1877 potest,
540 1816 664 1862 servare
679 1817 768 1862 nemo
785 1809 905 1876 praeter
918 1818 976 1860 me.
1012 1801 1112 1863 Mas

105 1903 196 1962 gnam
212 1887 360 1946 loctunam
377 1879 634 1960 magnus’animus
646 1886 747 1958 decet,
765 1886 816 1960 qui
827 1883 887 1944 nisi
900 1885 982 1944 sead
993 1885 1075 1943 illam

107 1971 214 2030 extulit
231 1977 261 2029 et
278 1971 368 2030 ¹altior
384 1971 479 2041 stetit,
503 1970 582 2028 illam
598 1985 723 2044 quoque
737 1969 815 2026 inira
831 1973 963 2040 [terram]
979 1967 1075 2027 dedu·

106 2054 155 2112 cit.
178 2053 278 2128 magni
291 2061 391 2113 aulem
402 2053 494 2112 animi
505 2060 553 2111 est
563 2052 730 2128 proprium,
745 2050 899 2126 placidum
912 2065 983 2110 esse
995 2057 1076 2110 tran·

107 2137 295 2212 qu-illumque
309 2143 339 2196 et
352 2136 479 2196 iniurias
494 2135 745 2210 offensionesque
760 2149 896 2210 superne
906 2135 1075 2208 despicere.

106 2219 254 2280 llluliebre
275 2227 322 2280 cst
343 2221 444 2280 furere
465 2219 494 2278 in
516 2217 575 2290 ira,
599 2221 730 2279 ferarum
750 2235 825 2278 vero
847 2226 877 2278 et
892 2233 932 2276 ne
948 2231 1076 2291 genero·

107 2319 210 2362 sarum
219 2303 341 2378 quidem
354 2303 606 2378 praemordereet
616 2311 726 2376 urgere
737 2302 902 2376 proiectos.
925 2299 1077 2374 elephanti

107 2387 277 2460 leonesque
291 2391 463 2458 transeunt,
488 2401 567 2460 quae
583 2385 771 2459 inpulerant:
799 2383 942 2458 ignobilis
959 2383 1077 2442 bestiae

107 2468 275 2544 pertinacia
296 2477 352 2529 est.
389 2468 455 2528 Non
477 2469 565 2527 decet
588 2483 691 2541 regem
711 2483 805 2526 saeva
827 2473 857 2526 et
881 2465 1114 2528 inexorabiliso

107 2555 161 2611 ira.
184 2569 246 2612 non
260 2554 384 2612 multum
399 2553 477 2611 enim
490 2568 584 2626 supra
596 2566 666 2610 eum
676 2551 794 2624 eminet,
810 2549 859 2608 cui
870 2566 904 2608 se
915 2547 1077 2608 irascendo

108 2643 276 2710 exaequau
304 2636 381 2695 atsi
401 2636 453 2694 dat
472 2634 579 2706 vitam,
602 2633 628 2693 si
650 2633 702 2693 dat
716 2633 891 2707 dignitatem
906 2631 1077 2706 periclitan-

106 2719 189 2778 tibus
210 2725 241 2778 et
260 2717 375 2778 meritis
391 2717 541 2790 amittere,
560 2717 632 2778 lacit
647 2717 730 2791 quod
745 2715 820 2776 nulli
834 2715 893 2774 nisi
907 2731 1007 2774 rerum
1022 2727 1077 2786 po-

106 2803 181 2862 tenti
201 2803 279 2861 licet.
307 2803 370 2862 vita
387 2802 465 2860 enim
481 2801 570 2860 etiam
586 2801 734 2876 superiori
750 2799 891 2874 eripitur,
913 2809 1078 2871 numquam

108 2885 168 2944 nisi
182 2885 317 2944 inferiori
331 2886 428 2944 datur.
460 2883 591 2943 Servare
602 2885 757 2960 proprium
769 2889 817 2942 est
828 2879 1004 2942 excellentis
1017 2880 1077 2937 lor·
1093 2880 1111 2938 ἲ

106 2977 209 3028 tunae.
236 2985 316 3042 quae
336 2985 502 3042 numquam
522 2967 620 3042 magis
642 2966 758 3042 suspici
776 2966 880 3037 debet,
904 2979 994 3038 quarn
1009 2977 1078 3020 cum

107 3052 150 3110 illi
172 3051 298 3124 contigit
316 3051 396 3110 idem
417 3066 512 3126 posse
533 3051 616 3126 quod
637 3051 699 3124 dis,
725 3045 1025 3124 quorumbeneficio
1047 3044 1078 3102 in

108 3135 207 3196 lucem
227 3135 345 3194 edimur
363 3141 424 3192 tam
444 3135 516 3194 boni
538 3149 629 3208 quam
650 3133 729 3192 mali.
759 3134 886 3192 deorum
903 3131 1005 3206 itaque
1020 3127 1079 3188 sibi

106 3218 242 3278 animum
262 3219 411 3278 adserens
442 3217 584 3292 princeps
610 3215 688 3276 alios
710 3231 748 3274 ex
770 3214 888 3274 civibus
905 3213 985 3286 suis,
1008 3210 1080 3286 quia

106 3302 198 3362 utiles
212 3301 349 3376 bonique
364 3309 448 3374 sunt,
470 3302 569 3361 libens
585 3298 703 3372 videat,
718 3298 795 3358 alios
814 3299 1016 3374 innumerum
1031 3309 1078 3353 re·

103 3384 234 3460 linquat.
259 3386 410 3458 quosdam
425 3385 656 3458 castigandam,
675 3381 827 3456 quosdam
845 3382 983 3456 patiatur.

169 3469 222 3528 Vl.
247 3467 351 3542 Cogita
367 3474 434 3541 [te],
455 3469 485 3526 in
506 3468 564 3526 hac
579 3467 713 3540 civitate,
736 3465 765 3524 in
789 3481 849 3538 qua
864 3463 952 3524 turba
968 3459 1108 3536 peria-1
