2554 3888
214 259 275 324 tae
419 258 616 318 nannoni
635 257 811 318 sanamur
833 255 983 316 uranx.

214 413 360 486 defatigat
385 427 425 470 ex
449 411 556 470 alienis
581 409 702 470 iudiciis
729 425 885 484 suspensa
908 425 1031 484 semper
1056 411 1187 471 ambitio.

213 496 305 556 alium
325 494 480 556 mercandi
499 509 652 569 praeceps
675 493 827 568 cupiditas
853 493 934 552 circa
959 495 1058 554 omnis
1081 503 1188 567 terraS,

215 577 426 641 omniamaria
441 593 498 656 spe
513 577 589 638 lucri
600 577 692 636 ducit.
714 577 865 652 quosdam
876 583 1000 652 torquet
1011 578 1124 652 cupido
1136 580 1189 638 mi·

213 664 295 724 litiae
309 670 476 736 numquam
491 678 552 722 non
567 667 619 722 aut
633 660 740 721 alienis
757 659 901 735 periculis
917 661 1049 721 intentos
1061 669 1113 721 aut
1124 663 1189 722 suis

213 747 335 808 anxios.
355 752 426 805 sunt
441 741 519 820 quos
540 745 676 818 ingratus
693 745 886 818 superiorum
903 747 1003 804 cultus
1017 746 1189 805 voluntaria

182 842 199 895 a
214 831 361 892 servitute
373 835 542 889 consumat.
565 830 676 888 multos
688 836 740 888 aut
750 826 912 888 adfectatio
925 829 1043 887 alienae
1050 830 1188 889 fortunae

214 921 266 974 aut
280 929 356 974 suae
371 918 468 985 [cura]
485 911 621 971 detinuit.
652 913 819 986 plerosque
833 911 908 970 nihil
927 920 1041 971 certum
1057 925 1188 988 sequen-

213 999 252 1058 tis
275 1013 353 1072 vaga
374 1003 404 1055 et
419 997 598 1056 inconstans
613 1003 642 1054 et
656 995 715 1054 sibi
730 993 899 1069 displicens
914 995 1022 1056 levitas
1039 1011 1094 1070 per
1110 1013 1190 1057 nova

215 1081 343 1141 consilia
357 1080 488 1154 iactauit.
518 1077 703 1154 quibusdam
718 1079 806 1151 nihil,
832 1095 893 1154 quo
910 1095 1034 1139 cursum
1050 1080 1189 1154 dirigant,

214 1166 330 1240 placet,
358 1163 416 1223 sed
436 1163 599 1222 marcentis
621 1160 842 1236 oscitantisque
863 1163 924 1222 feta
944 1163 1188 1237 deprehendunt,

214 1249 293 1310 adeo
319 1255 352 1308 ut
379 1247 464 1322 quod
489 1247 575 1322 apud
594 1245 760 1306 maximum
781 1253 940 1320 poetarum
967 1261 1053 1306 more
1073 1249 1189 1308 oraculi
1264 1249 1265 1252 ’

215 1333 327 1394 dictum
344 1339 405 1406 est,
428 1347 535 1391 verum
549 1345 621 1390 esse
635 1347 697 1390 non
712 1329 861 1389 dubitem:
1264 1327 1265 1330 ’

373 1419 486 1490 eatque
496 1431 573 1490 pars
586 1423 630 1475 cst
643 1418 719 1474 vitae
732 1430 792 1488 quo
805 1413 881 1491 [nos]
895 1416 1026 1474 oremus.

207 1505 346 1572 'ceterum
363 1499 485 1573 quidem
502 1513 592 1558 omne
607 1498 738 1573 spatium
752 1513 815 1556 non
830 1497 905 1573 vita,
920 1498 977 1557 sed
993 1504 1114 1572 tempus
1130 1507 1187 1558 est.
1264 1559 1265 1562 ,

186 1583 359 1658 3Urgentia
379 1583 574 1642 circumstant
584 1574 666 1642 ‘vitia
682 1581 819 1656 undique
838 1597 898 1642 nec
913 1597 1076 1656 resurgere
1091 1583 1188 1640 autin

215 1669 387 1742 dispectum
407 1666 473 1726 veri
489 1666 634 1726 adtollere
649 1667 756 1726 oculos
772 1665 965 1740 sinunt,·sed
976 1681 1096 1725 mersos
1112 1673 1142 1725 et
1156 1666 1187 1724 in

215 1751 410 1825 cupiditatem
425 1749 538 1810 infixos
554 1758 703 1826 premunt.
731 1765 898 1824 numquam
908 1749 967 1809 illis
978 1763 1136 1809 recurrere
1148 1750 1189 1810 ad

214 1851 249 1894 se
269 1835 348 1894 licet.
383 1835 409 1894 si
432 1835 555 1908 quando
571 1834 673 1909 aliqua
688 1833 811 1894 fortuito
829 1833 916 1909 quies
931 1833 1070 1908 contigit,
1094 1834 1189 1894 veluti

186 1914 188 1920 '
213 1917 366 1994 profundo
382 1919 473 1992 mari,
496 1917 526 1977 in
543 1935 604 1994 quo
616 1925 823 1994 postremum
836 1934 960 1994 quoque
972 1917 1118 1977 volutatio
1130 1926 1185 1992 est,
1264 1947 1265 1984 r

213 2001 398 2062 fluctuantur
417 2018 475 2060 nec
495 2019 639 2078 umquam
661 1999 720 2062 illis
740 2019 760 2062 a
779 2002 994 2080 cupiditatibus
1010 2001 1075 2062 suis
1092 2001 1186 2061 otium
1264 2005 1265 2010 ’

184 2087 311 2147 tinstat.
345 2086 391 2144 De
406 2085 473 2144 istis
487 2101 537 2144 me
553 2093 641 2159 putas
657 2085 827 2160 disserere,
850 2103 979 2160 quorum
993 2087 1023 2144 in
1038 2087 1185 2145 confesso

212 2170 291 2227 mala
305 2175 396 2228 sumt
423 2168 550 2242 adspice
564 2169 648 2244 illos,
669 2171 709 2230 ad
724 2186 853 2246 quorum
867 2168 1039 2230 felicitatem
1054 2183 1186 2229 concur·
1264 2173 1265 2244 l

211 2253 301 2310 citur:
322 2251 412 2311 bonis
428 2251 493 2312 suis
509 2250 687 2313 offocentur.
715 2254 810 2328 Quam
825 2253 926 2315 multis
938 2252 1061 2314 divitiae
1072 2265 1185 2328 graues
1264 2251 1265 2294 ³

212 2341 302 2394 sunt?
324 2351 416 2408 quam
429 2336 592 2396 multorum
603 2337 940 2412 eloquentiacotidiano
954 2338 1128 2398 ostentandi
1139 2339 1187 2396 in·

211 2419 292 2493 genii
307 2419 406 2494 spatio
422 2419 601 2495 sanguinem
617 2421 738 2482 educit?
759 2421 950 2498 quammulti
965 2420 1186 2481 continuisvo·
1264 2453 1265 2492 r

210 2503 377 2578 luptatibus
400 2503 534 2580 pallenti
557 2522 649 2580 quam
663 2507 764 2566 multis
779 2506 853 2566 nihil
868 2506 954 2566 liberi
968 2505 1112 2580 relinquit
1127 2505 1187 2564 cir·

211 2589 367 2648 cumfusus
389 2588 540 2649 clientium
555 2591 711 2664 populus?
732 2591 830 2650 omnis
846 2591 979 2664 denique
993 2589 1069 2648 istos
1085 2589 1124 2648 ab
1140 2588 1187 2646 in-

209 2671 289 2732 timis
297 2687 398 2747 usque
406 2673 445 2731 ad
453 2689 591 2734 summos
599 2689 738 2748 pererra:
753 2673 802 2733 lric
810 2674 948 2748 advocat,
961 2673 1010 2732 hic
1019 2673 1116 2732 adest.
1133 2673 1181 2730 ille
1264 2665 1265 2680 ¹

208 2755 404 2837 periclitatur,
417 2756 469 2815 ille
477 2757 621 2829 defendit,
634 2757 813 2818 illeiudicat.
829 2773 919 2818 nemo
928 2755 1178 2817 sesibivindicat.

209 2838 287 2898 alius
309 2837 341 2897 in
363 2839 453 2898 alium
471 2841 692 2912 consumimur,
721 2841 874 2915 interroga
888 2842 928 2900 de
941 2839 1024 2912 istis,
1050 2851 1179 2914 quorum

207 2923 332 2982 nomina
346 2923 537 2984 ediscuntur=
560 2923 608 2983 liis
623 2925 692 2985 illos
705 2923 844 2998 dignosci
858 2923 978 2984 videbis
991 2924 1086 2982 notis:
1110 2919 1178 2996 ‚ille

179 3004 287 3067 billius
295 3007 456 3080 cultorem,
472 3006 639 3068 hicillius.“
663 3023 737 3068 suus
750 3023 840 3068 nemo
853 3016 908 3068 est.
929 3007 1047 3066 Deinde
1055 3007 1176 3065 denen-

207 3089 323 3148 tissima
335 3091 537 3164 quorumdam
548 3091 715 3167 indignatio
729 3099 785 3152 est.
809 3099 977 3166 queruntur
988 3092 1027 3150 de
1039 3085 1176 3165 superio-

205 3188 271 3231 rum
288 3173 424 3247 fastidio,
447 3175 530 3249 quod
545 3174 622 3250 ipsis
635 3175 720 3236 adire
731 3175 903 3236 volentibus
916 3191 976 3235 non
987 3170 1175 3234 vacaierinl=

205 3255 297 3314 audet
317 3257 479 3330 quisquam
495 3259 534 3318 de
549 3259 673 3318 alterius
689 3259 834 3334 strperbia
850 3259 950 3333 queri,
970 3259 1022 3333 qui
1037 3255 1089 3318 siti
1102 3252 1177 3327 ipse

205 3353 370 3411 numquam
390 3349 499 3400 vacate
526 3342 579 3402 Ille
600 3349 701 3401 tamen
721 3351 766 3417 te,
790 3344 931 3418 quisquis
952 3350 1013 3415 est,
1036 3335 1176 3402 insolenti
1264 3379 1265 3410 2

205 3421 329 3496 quidem
344 3423 444 3492 voltu,
467 3423 524 3482 sed
539 3425 704 3500 aliquando
718 3427 865 3500 respexit.
887 3426 937 3484 ille
948 3442 1023 3486 aure
1044 3437 1119 3480 suas
1132 3419 1175 3478 ad
1264 3439 1265 3446 ¹

203 3513 255 3564 tua
276 3502 372 3562 verba
392 3504 522 3566 demisit.
544 3507 594 3566 ille
614 3515 645 3568 te
660 3510 700 3568 ad
714 3511 793 3570 latus
805 3525 899 3592 'suum
915 3433 1041 3624 receij
1060 3511 1094 3564 tu
1107 3519 1173 3563 non
1264 3585 1265 3592 ἵ

961 3625 1008 3861 sl
