<?xml version="1.0" encoding="UTF-8"?>
<!DOCTYPE html PUBLIC "-//W3C//DTD XHTML 1.0 Transitional//EN"
    "http://www.w3.org/TR/xhtml1/DTD/xhtml1-transitional.dtd">
<html xmlns="http://www.w3.org/1999/xhtml" xml:lang="en" lang="en">
 <head>
  <title>
</title>
<meta http-equiv="Content-Type" content="text/html;charset=utf-8" />
  <meta name='ocr-system' content='tesseract 3.04.00' />
  <meta name='ocr-capabilities' content='ocr_page ocr_carea ocr_par ocr_line ocrx_word'/>
</head>
<body>
  <div class='ocr_page' id='page_1' title='image "./operaquaesupers00senegoog_0249.png"; bbox 0 0 2554 3888; ppageno 0'>
   <div class='ocr_carea' id='block_1_1' title="bbox 221 229 1005 296">
    <p class='ocr_par' dir='ltr' id='par_1_1' title="bbox 221 229 1005 296">
     <span class='ocr_line' id='line_1_1' title="bbox 221 229 1005 296; baseline -0.005 0"><span class='ocrx_word' id='word_1_1' title='bbox 221 232 285 296; x_wconf 73' lang='grc'>236</span> <span class='ocrx_word' id='word_1_2' title='bbox 410 231 445 290; x_wconf 90' lang='lat' dir='ltr'>L.</span> <span class='ocrx_word' id='word_1_3' title='bbox 465 229 615 292; x_wconf 69' lang='lat' dir='ltr'>auum</span> <span class='ocrx_word' id='word_1_4' title='bbox 637 229 813 294; x_wconf 78' lang='lat' dir='ltr'>SENECAE</span> <span class='ocrx_word' id='word_1_5' title='bbox 835 232 1005 296; x_wconf 69' lang='lat' dir='ltr'>utamxl.</span> 
     </span>
    </p>
   </div>
   <div class='ocr_carea' id='block_1_2' title="bbox 189 383 1262 3294">
    <p class='ocr_par' dir='ltr' id='par_1_2' title="bbox 189 383 1262 3294">
     <span class='ocr_line' id='line_1_2' title="bbox 222 383 1190 461; baseline 0.002 -18"><span class='ocrx_word' id='word_1_6' title='bbox 222 394 252 444; x_wconf 86' lang='lat' dir='ltr'>te</span> <span class='ocrx_word' id='word_1_7' title='bbox 271 384 314 443; x_wconf 94' lang='lat' dir='ltr'>illi</span> <span class='ocrx_word' id='word_1_8' title='bbox 334 383 467 444; x_wconf 91' lang='lat' dir='ltr'>iudicem</span> <span class='ocrx_word' id='word_1_9' title='bbox 486 385 554 444; x_wconf 89' lang='lat' dir='ltr'>dies</span> <span class='ocrx_word' id='word_1_10' title='bbox 574 383 689 444; x_wconf 83' lang='lat' dir='ltr'>lecerit</span> <span class='ocrx_word' id='word_1_11' title='bbox 711 391 783 444; x_wconf 89' lang='lat' dir='ltr'>tunc</span> <span class='ocrx_word' id='word_1_12' title='bbox 797 384 877 444; x_wconf 92' lang='lat' dir='ltr'>enim</span> <span class='ocrx_word' id='word_1_13' title='bbox 891 383 1005 459; x_wconf 89' lang='lat' dir='ltr'>poteris</span> <span class='ocrx_word' id='word_1_14' title='bbox 1020 386 1050 446; x_wconf 91' lang='lat' dir='ltr'>in</span> <span class='ocrx_word' id='word_1_15' title='bbox 1066 385 1190 461; x_wconf 79' lang='lat' dir='ltr'>gratiam</span> 
     </span>
     <span class='ocr_line' id='line_1_3' title="bbox 222 467 1191 542; baseline 0.001 -13"><span class='ocrx_word' id='word_1_16' title='bbox 222 485 291 529; x_wconf 89' lang='lat' dir='ltr'>cum</span> <span class='ocrx_word' id='word_1_17' title='bbox 305 469 357 530; x_wconf 82' lang='lat' dir='ltr'>illa</span> <span class='ocrx_word' id='word_1_18' title='bbox 374 468 485 528; x_wconf 80' lang='lat' dir='ltr'>redire</span> <span class='ocrx_word' id='word_1_19' title='bbox 507 484 577 528; x_wconf 88' lang='lat' dir='ltr'>nam</span> <span class='ocrx_word' id='word_1_20' title='bbox 590 468 684 528; x_wconf 88' lang='lat' dir='ltr'>multa</span> <span class='ocrx_word' id='word_1_21' title='bbox 697 467 845 542; x_wconf 85' lang='lat' dir='ltr'>providit,</span> <span class='ocrx_word' id='word_1_22' title='bbox 868 467 1075 542; x_wconf 70' lang='lat' dir='ltr'>quinciano</span> <span class='ocrx_word' id='word_1_23' title='bbox 1092 485 1191 530; x_wconf 88' lang='lat' dir='ltr'>emen·</span> 
     </span>
     <span class='ocr_line' id='line_1_4' title="bbox 222 551 1192 626; baseline -0.004 -12"><span class='ocrx_word' id='word_1_24' title='bbox 222 553 310 614; x_wconf 84' lang='lat' dir='ltr'>daret</span> <span class='ocrx_word' id='word_1_25' title='bbox 326 553 475 612; x_wconf 89' lang='lat' dir='ltr'>iniuriam.</span> <span class='ocrx_word' id='word_1_26' title='bbox 509 553 604 612; x_wconf 85' lang='lat' dir='ltr'>multa</span> <span class='ocrx_word' id='word_1_27' title='bbox 616 551 791 611; x_wconf 73' lang='lat' dir='ltr'><strong>etiamnunc</strong></span> <span class='ocrx_word' id='word_1_28' title='bbox 803 552 901 623; x_wconf 87' lang='lat' dir='ltr'>dabit,</span> <span class='ocrx_word' id='word_1_29' title='bbox 927 552 1039 626; x_wconf 88' lang='lat' dir='ltr'>quibus</span> <span class='ocrx_word' id='word_1_30' title='bbox 1053 551 1192 614; x_wconf 88' lang='lat' dir='ltr'>redimat.</span> 
     </span>
     <span class='ocr_line' id='line_1_5' title="bbox 222 634 1195 712; baseline -0.004 -14"><span class='ocrx_word' id='word_1_31' title='bbox 222 638 357 712; x_wconf 86' lang='lat' dir='ltr'>denique</span> <span class='ocrx_word' id='word_1_32' title='bbox 382 636 484 712; x_wconf 90' lang='lat' dir='ltr'>ipsum</span> <span class='ocrx_word' id='word_1_33' title='bbox 510 635 586 708; x_wconf 87' lang='lat' dir='ltr'>hoc,</span> <span class='ocrx_word' id='word_1_34' title='bbox 613 635 697 708; x_wconf 84' lang='lat' dir='ltr'>quod</span> <span class='ocrx_word' id='word_1_35' title='bbox 720 634 857 708; x_wconf 69' lang='lat' dir='ltr'>absurdi,</span> <span class='ocrx_word' id='word_1_36' title='bbox 882 635 957 710; x_wconf 87' lang='lat' dir='ltr'>ipsa</span> <span class='ocrx_word' id='word_1_37' title='bbox 978 638 1109 697; x_wconf 81' lang='lat' dir='ltr'>dederat</span> <span class='ocrx_word' id='word_1_38' title='bbox 1130 635 1195 696; x_wconf 86' lang='lat' dir='ltr'>tihi.</span> 
     </span>
     <span class='ocr_line' id='line_1_6' title="bbox 189 717 1195 796; baseline -0.006 -12"><span class='ocrx_word' id='word_1_39' title='bbox 189 722 306 784; x_wconf 78' lang='lat' dir='ltr'>4Noli</span> <span class='ocrx_word' id='word_1_40' title='bbox 320 726 613 796; x_wconf 74' lang='lat' dir='ltr'>ergocontrate</span> <span class='ocrx_word' id='word_1_41' title='bbox 626 717 1195 792; x_wconf 79' lang='lat' dir='ltr'>ingenioutituo,noliadesse</span> 
     </span>
     <span class='ocr_line' id='line_1_7' title="bbox 222 801 1195 878; baseline -0.002 -14"><span class='ocrx_word' id='word_1_42' title='bbox 222 805 350 866; x_wconf 92' lang='lat' dir='ltr'>dolori</span> <span class='ocrx_word' id='word_1_43' title='bbox 364 813 440 864; x_wconf 88' lang='lat' dir='ltr'>tuo.</span> <span class='ocrx_word' id='word_1_44' title='bbox 471 809 573 878; x_wconf 90' lang='lat' dir='ltr'>potest</span> <span class='ocrx_word' id='word_1_45' title='bbox 586 801 711 877; x_wconf 82' lang='lat' dir='ltr'>quiden</span> <span class='ocrx_word' id='word_1_46' title='bbox 724 802 901 876; x_wconf 71' lang='lat' dir='ltr'>dadacum</span> <span class='ocrx_word' id='word_1_47' title='bbox 912 809 979 876; x_wconf 77' lang='lat' dir='ltr'>tue,</span> <span class='ocrx_word' id='word_1_48' title='bbox 1002 818 1085 878; x_wconf 89' lang='lat' dir='ltr'>quae</span> <span class='ocrx_word' id='word_1_49' title='bbox 1101 819 1195 878; x_wconf 80' lang='lat' dir='ltr'>parva</span> 
     </span>
     <span class='ocr_line' id='line_1_8' title="bbox 221 887 1196 962; baseline -0.003 -14"><span class='ocrx_word' id='word_1_50' title='bbox 221 897 307 958; x_wconf 90' lang='lat' dir='ltr'>sunt,</span> <span class='ocrx_word' id='word_1_51' title='bbox 328 887 503 962; x_wconf 87' lang='lat' dir='ltr'>adprobare</span> <span class='ocrx_word' id='word_1_52' title='bbox 516 902 573 961; x_wconf 92' lang='lat' dir='ltr'>pro</span> <span class='ocrx_word' id='word_1_53' title='bbox 584 887 723 961; x_wconf 72' lang='lat' dir='ltr'>magnis,</span> <span class='ocrx_word' id='word_1_54' title='bbox 737 901 847 946; x_wconf 86' lang='lat' dir='ltr'>rursus</span> <span class='ocrx_word' id='word_1_55' title='bbox 859 901 972 961; x_wconf 76' lang='lat' dir='ltr'>magna</span> <span class='ocrx_word' id='word_1_56' title='bbox 983 888 1154 948; x_wconf 87' lang='lat' dir='ltr'>adtenuarc</span> <span class='ocrx_word' id='word_1_57' title='bbox 1169 895 1196 945; x_wconf 90' lang='lat' dir='ltr'>et</span> 
     </span>
     <span class='ocr_line' id='line_1_9' title="bbox 222 970 1196 1042; baseline -0.003 -11"><span class='ocrx_word' id='word_1_58' title='bbox 222 973 262 1032; x_wconf 90' lang='lat' dir='ltr'>ad</span> <span class='ocrx_word' id='word_1_59' title='bbox 276 971 400 1030; x_wconf 92' lang='lat' dir='ltr'>minima</span> <span class='ocrx_word' id='word_1_60' title='bbox 414 971 578 1030; x_wconf 72' lang='lat' dir='ltr'>deducere„</span> <span class='ocrx_word' id='word_1_61' title='bbox 600 971 659 1030; x_wconf 91' lang='lat' dir='ltr'>sed</span> <span class='ocrx_word' id='word_1_62' title='bbox 668 970 729 1030; x_wconf 89' lang='lat' dir='ltr'>alio</span> <span class='ocrx_word' id='word_1_63' title='bbox 740 970 800 1030; x_wconf 89' lang='lat' dir='ltr'>ista</span> <span class='ocrx_word' id='word_1_64' title='bbox 809 970 891 1030; x_wconf 78' lang='lat' dir='ltr'>vires</span> <span class='ocrx_word' id='word_1_65' title='bbox 903 978 1007 1030; x_wconf 70' lang='lat' dir='ltr'>seret</span> <span class='ocrx_word' id='word_1_66' title='bbox 1016 987 1102 1042; x_wconf 82' lang='lat' dir='ltr'>suas,</span> <span class='ocrx_word' id='word_1_67' title='bbox 1117 985 1196 1030; x_wconf 86' lang='lat' dir='ltr'>nunc</span> 
     </span>
     <span class='ocr_line' id='line_1_10' title="bbox 222 1052 1196 1129; baseline -0.004 -13"><span class='ocrx_word' id='word_1_68' title='bbox 222 1063 286 1116; x_wconf 90' lang='lat' dir='ltr'>tota</span> <span class='ocrx_word' id='word_1_69' title='bbox 304 1069 340 1114; x_wconf 91' lang='lat' dir='ltr'>se</span> <span class='ocrx_word' id='word_1_70' title='bbox 361 1055 393 1114; x_wconf 92' lang='lat' dir='ltr'>in</span> <span class='ocrx_word' id='word_1_71' title='bbox 415 1054 556 1115; x_wconf 87' lang='lat' dir='ltr'>solatium</span> <span class='ocrx_word' id='word_1_72' title='bbox 575 1062 661 1115; x_wconf 91' lang='lat' dir='ltr'>tuum</span> <span class='ocrx_word' id='word_1_73' title='bbox 682 1055 829 1114; x_wconf 83' lang='lat' dir='ltr'>conterat</span> <span class='ocrx_word' id='word_1_74' title='bbox 862 1052 926 1114; x_wconf 88' lang='lat' dir='ltr'>Sed</span> <span class='ocrx_word' id='word_1_75' title='bbox 945 1061 1046 1114; x_wconf 84' lang='lat' dir='ltr'>tamen</span> <span class='ocrx_word' id='word_1_76' title='bbox 1068 1053 1196 1129; x_wconf 81' lang='lat' dir='ltr'>dispice,</span> 
     </span>
     <span class='ocr_line' id='line_1_11' title="bbox 221 1133 1197 1214; baseline -0.002 -16"><span class='ocrx_word' id='word_1_77' title='bbox 221 1153 262 1198; x_wconf 90' lang='lat' dir='ltr'>ne</span> <span class='ocrx_word' id='word_1_78' title='bbox 275 1138 336 1198; x_wconf 88' lang='lat' dir='ltr'>hoc</span> <span class='ocrx_word' id='word_1_79' title='bbox 348 1138 409 1198; x_wconf 87' lang='lat' dir='ltr'>iam</span> <span class='ocrx_word' id='word_1_80' title='bbox 420 1153 545 1214; x_wconf 87' lang='lat' dir='ltr'>quoque</span> <span class='ocrx_word' id='word_1_81' title='bbox 558 1133 661 1213; x_wconf 91' lang='lat' dir='ltr'>ipsum</span> <span class='ocrx_word' id='word_1_82' title='bbox 675 1137 716 1198; x_wconf 90' lang='lat' dir='ltr'>sit</span> <span class='ocrx_word' id='word_1_83' title='bbox 729 1153 963 1212; x_wconf 85' lang='lat' dir='ltr'>supervacuum.</span> <span class='ocrx_word' id='word_1_84' title='bbox 987 1137 1105 1212; x_wconf 87' lang='lat' dir='ltr'>aliquid</span> <span class='ocrx_word' id='word_1_85' title='bbox 1117 1138 1197 1196; x_wconf 89' lang='lat' dir='ltr'>enim</span> 
     </span>
     <span class='ocr_line' id='line_1_12' title="bbox 193 1220 1196 1296; baseline -0.005 -13"><span class='ocrx_word' id='word_1_86' title='bbox 193 1223 347 1283; x_wconf 70' lang='lat' dir='ltr'>danobis</span> <span class='ocrx_word' id='word_1_87' title='bbox 366 1232 474 1283; x_wconf 87' lang='lat' dir='ltr'>natura</span> <span class='ocrx_word' id='word_1_88' title='bbox 493 1222 603 1296; x_wconf 77' lang='lat' dir='ltr'>exigit,</span> <span class='ocrx_word' id='word_1_89' title='bbox 627 1222 696 1294; x_wconf 91' lang='lat' dir='ltr'>plus</span> <span class='ocrx_word' id='word_1_90' title='bbox 710 1222 844 1280; x_wconf 86' lang='lat' dir='ltr'>vanitate</span> <span class='ocrx_word' id='word_1_91' title='bbox 856 1220 1050 1281; x_wconf 84' lang='lat' dir='ltr'>contrahitur.</span> <span class='ocrx_word' id='word_1_92' title='bbox 1085 1221 1196 1280; x_wconf 82' lang='lat' dir='ltr'>llum-</span> 
     </span>
     <span class='ocr_line' id='line_1_13' title="bbox 223 1301 1194 1382; baseline -0.003 -16"><span class='ocrx_word' id='word_1_93' title='bbox 223 1321 332 1382; x_wconf 87' lang='lat' dir='ltr'>quam</span> <span class='ocrx_word' id='word_1_94' title='bbox 353 1313 477 1366; x_wconf 85' lang='lat' dir='ltr'>autem</span> <span class='ocrx_word' id='word_1_95' title='bbox 491 1321 561 1380; x_wconf 82' lang='lat' dir='ltr'>ego</span> <span class='ocrx_word' id='word_1_96' title='bbox 576 1322 594 1366; x_wconf 92' lang='lat' dir='ltr'>a</span> <span class='ocrx_word' id='word_1_97' title='bbox 609 1311 660 1374; x_wconf 89' lang='lat' dir='ltr'>te,</span> <span class='ocrx_word' id='word_1_98' title='bbox 681 1319 727 1363; x_wconf 92' lang='lat' dir='ltr'>ue</span> <span class='ocrx_word' id='word_1_99' title='bbox 743 1320 789 1364; x_wconf 87' lang='lat' dir='ltr'>ex</span> <span class='ocrx_word' id='word_1_100' title='bbox 803 1311 883 1366; x_wconf 92' lang='lat' dir='ltr'>toto</span> <span class='ocrx_word' id='word_1_101' title='bbox 897 1320 1088 1376; x_wconf 75' lang='lat' dir='ltr'><strong>moereas,</strong></span> <span class='ocrx_word' id='word_1_102' title='bbox 1112 1301 1194 1364; x_wconf 84' lang='lat' dir='ltr'>exi·</span> 
     </span>
     <span class='ocr_line' id='line_1_14' title="bbox 222 1387 1198 1465; baseline -0.004 -15"><span class='ocrx_word' id='word_1_103' title='bbox 222 1405 314 1465; x_wconf 77' lang='lat' dir='ltr'>gam.</span> <span class='ocrx_word' id='word_1_104' title='bbox 346 1397 378 1449; x_wconf 93' lang='lat' dir='ltr'>et</span> <span class='ocrx_word' id='word_1_105' title='bbox 391 1390 457 1450; x_wconf 90' lang='lat' dir='ltr'>scio</span> <span class='ocrx_word' id='word_1_106' title='bbox 474 1389 602 1448; x_wconf 87' lang='lat' dir='ltr'>inveniri</span> <span class='ocrx_word' id='word_1_107' title='bbox 615 1388 767 1462; x_wconf 89' lang='lat' dir='ltr'>quosdam</span> <span class='ocrx_word' id='word_1_108' title='bbox 781 1388 876 1449; x_wconf 87' lang='lat' dir='ltr'>durae</span> <span class='ocrx_word' id='word_1_109' title='bbox 890 1387 987 1462; x_wconf 69' lang='lat' dir='ltr'>magis</span> <span class='ocrx_word' id='word_1_110' title='bbox 998 1403 1091 1462; x_wconf 91' lang='lat' dir='ltr'>quam</span> <span class='ocrx_word' id='word_1_111' title='bbox 1110 1387 1198 1447; x_wconf 77' lang='lat' dir='ltr'>iores</span> 
     </span>
     <span class='ocr_line' id='line_1_15' title="bbox 223 1469 1225 1548; baseline -0.005 -15"><span class='ocrx_word' id='word_1_112' title='bbox 223 1473 405 1548; x_wconf 81' lang='lat' dir='ltr'>prudentiae</span> <span class='ocrx_word' id='word_1_113' title='bbox 426 1475 525 1543; x_wconf 89' lang='lat' dir='ltr'>viros,</span> <span class='ocrx_word' id='word_1_114' title='bbox 549 1473 602 1546; x_wconf 85' lang='lat' dir='ltr'>qui</span> <span class='ocrx_word' id='word_1_115' title='bbox 622 1478 734 1544; x_wconf 77' lang='lat' dir='ltr'>negent</span> <span class='ocrx_word' id='word_1_116' title='bbox 747 1471 910 1532; x_wconf 78' lang='lat' dir='ltr'>doliturum</span> <span class='ocrx_word' id='word_1_117' title='bbox 923 1487 995 1532; x_wconf 90' lang='lat' dir='ltr'>esse</span> <span class='ocrx_word' id='word_1_118' title='bbox 1009 1469 1197 1546; x_wconf 82' lang='lat' dir='ltr'>sapientem:</span> <span class='ocrx_word' id='word_1_119' title='bbox 1222 1493 1225 1500; x_wconf 54' lang='lat'><strong>⁴</strong></span> 
     </span>
     <span class='ocr_line' id='line_1_16' title="bbox 222 1552 1198 1628; baseline -0.004 -13"><span class='ocrx_word' id='word_1_120' title='bbox 222 1557 253 1615; x_wconf 91' lang='lat' dir='ltr'>hi</span> <span class='ocrx_word' id='word_1_121' title='bbox 273 1572 336 1616; x_wconf 94' lang='lat' dir='ltr'>non</span> <span class='ocrx_word' id='word_1_122' title='bbox 355 1556 498 1615; x_wconf 86' lang='lat' dir='ltr'>videntur</span> <span class='ocrx_word' id='word_1_123' title='bbox 516 1554 590 1614; x_wconf 89' lang='lat' dir='ltr'>mihi</span> <span class='ocrx_word' id='word_1_124' title='bbox 612 1570 757 1628; x_wconf 91' lang='lat' dir='ltr'>umquam</span> <span class='ocrx_word' id='word_1_125' title='bbox 776 1555 807 1612; x_wconf 93' lang='lat' dir='ltr'>in</span> <span class='ocrx_word' id='word_1_126' title='bbox 829 1553 980 1618; x_wconf 86' lang='lat' dir='ltr'>eiusmodi</span> <span class='ocrx_word' id='word_1_127' title='bbox 1001 1569 1109 1616; x_wconf 85' lang='lat' dir='ltr'>casnm</span> <span class='ocrx_word' id='word_1_128' title='bbox 1123 1552 1198 1612; x_wconf 87' lang='lat' dir='ltr'>inci-</span> 
     </span>
     <span class='ocr_line' id='line_1_17' title="bbox 222 1635 1197 1713; baseline -0.003 -15"><span class='ocrx_word' id='word_1_129' title='bbox 222 1637 318 1700; x_wconf 89' lang='lat' dir='ltr'>disse.</span> <span class='ocrx_word' id='word_1_130' title='bbox 340 1637 476 1712; x_wconf 89' lang='lat' dir='ltr'>alioquin</span> <span class='ocrx_word' id='word_1_131' title='bbox 488 1638 681 1702; x_wconf 82' lang='lat' dir='ltr'>excussisset</span> <span class='ocrx_word' id='word_1_132' title='bbox 694 1637 753 1698; x_wconf 90' lang='lat' dir='ltr'>illis</span> <span class='ocrx_word' id='word_1_133' title='bbox 766 1639 886 1700; x_wconf 75' lang='lat' dir='ltr'>fortuna</span> <span class='ocrx_word' id='word_1_134' title='bbox 897 1639 1063 1713; x_wconf 91' lang='lat' dir='ltr'>superbam</span> <span class='ocrx_word' id='word_1_135' title='bbox 1074 1635 1197 1711; x_wconf 86' lang='lat' dir='ltr'>sepien-</span> 
     </span>
     <span class='ocr_line' id='line_1_18' title="bbox 221 1721 1197 1795; baseline -0.003 -15"><span class='ocrx_word' id='word_1_136' title='bbox 221 1723 295 1780; x_wconf 92' lang='lat' dir='ltr'>tiam</span> <span class='ocrx_word' id='word_1_137' title='bbox 314 1727 346 1781; x_wconf 91' lang='lat' dir='ltr'>et</span> <span class='ocrx_word' id='word_1_138' title='bbox 365 1721 405 1782; x_wconf 91' lang='lat' dir='ltr'>ad</span> <span class='ocrx_word' id='word_1_139' title='bbox 420 1721 648 1782; x_wconf 81' lang='lat' dir='ltr'>confessionem</span> <span class='ocrx_word' id='word_1_140' title='bbox 663 1736 719 1782; x_wconf 89' lang='lat' dir='ltr'>eos</span> <span class='ocrx_word' id='word_1_141' title='bbox 734 1737 836 1782; x_wconf 85' lang='lat' dir='ltr'>veram</span> <span class='ocrx_word' id='word_1_142' title='bbox 851 1722 940 1782; x_wconf 76' lang='lat' dir='ltr'>edan</span> <span class='ocrx_word' id='word_1_143' title='bbox 953 1723 1065 1782; x_wconf 90' lang='lat' dir='ltr'>invitos</span> <span class='ocrx_word' id='word_1_144' title='bbox 1080 1735 1197 1795; x_wconf 88' lang='lat' dir='ltr'>conpu-</span> 
     </span>
     <span class='ocr_line' id='line_1_19' title="bbox 193 1803 1262 1878; baseline -0.001 -16"><span class='ocrx_word' id='word_1_145' title='bbox 193 1804 320 1864; x_wconf 86' lang='lat' dir='ltr'>tilissct.</span> <span class='ocrx_word' id='word_1_146' title='bbox 360 1803 468 1864; x_wconf 91' lang='lat' dir='ltr'>Satis</span> <span class='ocrx_word' id='word_1_147' title='bbox 492 1804 744 1878; x_wconf 87' lang='lat' dir='ltr'>praestiterit</span> <span class='ocrx_word' id='word_1_148' title='bbox 763 1805 879 1876; x_wconf 87' lang='lat' dir='ltr'>ratio,</span> <span class='ocrx_word' id='word_1_149' title='bbox 902 1807 935 1864; x_wconf 91' lang='lat' dir='ltr'>si</span> <span class='ocrx_word' id='word_1_150' title='bbox 957 1805 995 1866; x_wconf 93' lang='lat' dir='ltr'>id</span> <span class='ocrx_word' id='word_1_151' title='bbox 1017 1820 1129 1868; x_wconf 90' lang='lat' dir='ltr'>unum</span> <span class='ocrx_word' id='word_1_152' title='bbox 1152 1819 1198 1862; x_wconf 89' lang='lat' dir='ltr'>ex</span> <span class='ocrx_word' id='word_1_153' title='bbox 1261 1803 1262 1810; x_wconf 75' lang='grc'>’</span> 
     </span>
     <span class='ocr_line' id='line_1_20' title="bbox 223 1887 1196 1962; baseline -0.004 -14"><span class='ocrx_word' id='word_1_154' title='bbox 223 1889 376 1962; x_wconf 90' lang='lat' dir='ltr'>dolore,</span> <span class='ocrx_word' id='word_1_155' title='bbox 399 1889 503 1962; x_wconf 85' lang='lat' dir='ltr'>quod</span> <span class='ocrx_word' id='word_1_156' title='bbox 522 1895 559 1948; x_wconf 90' lang='lat' dir='ltr'>et</span> <span class='ocrx_word' id='word_1_157' title='bbox 575 1895 758 1962; x_wconf 86' lang='lat' dir='ltr'>superest</span> <span class='ocrx_word' id='word_1_158' title='bbox 778 1897 814 1947; x_wconf 91' lang='lat' dir='ltr'>et</span> <span class='ocrx_word' id='word_1_159' title='bbox 833 1887 1016 1960; x_wconf 88' lang='lat' dir='ltr'>abundat,</span> <span class='ocrx_word' id='word_1_160' title='bbox 1039 1887 1196 1948; x_wconf 88' lang='lat' dir='ltr'>excide-</span> 
     </span>
     <span class='ocr_line' id='line_1_21' title="bbox 221 1970 1199 2045; baseline -0.002 -15"><span class='ocrx_word' id='word_1_161' title='bbox 221 1971 287 2032; x_wconf 85' lang='lat' dir='ltr'>rit=</span> <span class='ocrx_word' id='word_1_162' title='bbox 308 1978 343 2031; x_wconf 92' lang='lat' dir='ltr'>ut</span> <span class='ocrx_word' id='word_1_163' title='bbox 361 1972 486 2045; x_wconf 85' lang='lat' dir='ltr'>quidem</span> <span class='ocrx_word' id='word_1_164' title='bbox 506 1973 625 2032; x_wconf 88' lang='lat' dir='ltr'>nullum</span> <span class='ocrx_word' id='word_1_165' title='bbox 643 1970 767 2032; x_wconf 90' lang='lat' dir='ltr'>omnino</span> <span class='ocrx_word' id='word_1_166' title='bbox 789 1986 861 2030; x_wconf 89' lang='lat' dir='ltr'>esse</span> <span class='ocrx_word' id='word_1_167' title='bbox 880 1987 949 2032; x_wconf 91' lang='lat' dir='ltr'>eum</span> <span class='ocrx_word' id='word_1_168' title='bbox 974 1971 1118 2045; x_wconf 88' lang='lat' dir='ltr'>patiatur,</span> <span class='ocrx_word' id='word_1_169' title='bbox 1140 1985 1199 2028; x_wconf 86' lang='lat' dir='ltr'>nec</span> 
     </span>
     <span class='ocr_line' id='line_1_22' title="bbox 223 2053 1198 2129; baseline -0.005 -14"><span class='ocrx_word' id='word_1_170' title='bbox 223 2055 412 2129; x_wconf 90' lang='lat' dir='ltr'>sperandum</span> <span class='ocrx_word' id='word_1_171' title='bbox 434 2055 488 2114; x_wconf 89' lang='lat' dir='ltr'>ulli</span> <span class='ocrx_word' id='word_1_172' title='bbox 512 2070 569 2114; x_wconf 91' lang='lat' dir='ltr'>nec</span> <span class='ocrx_word' id='word_1_173' title='bbox 591 2055 872 2128; x_wconf 89' lang='lat' dir='ltr'>concupiscendum</span> <span class='ocrx_word' id='word_1_174' title='bbox 897 2061 953 2114; x_wconf 82' lang='lat' dir='ltr'>est</span> <span class='ocrx_word' id='word_1_175' title='bbox 988 2055 1070 2114; x_wconf 85' lang='lat' dir='ltr'>huuc</span> <span class='ocrx_word' id='word_1_176' title='bbox 1093 2053 1198 2127; x_wconf 89' lang='lat' dir='ltr'>potius</span> 
     </span>
     <span class='ocr_line' id='line_1_23' title="bbox 222 2137 1199 2212; baseline -0.002 -16"><span class='ocrx_word' id='word_1_177' title='bbox 222 2138 347 2198; x_wconf 91' lang='lat' dir='ltr'>modum</span> <span class='ocrx_word' id='word_1_178' title='bbox 363 2144 482 2208; x_wconf 86' lang='lat' dir='ltr'>servet,</span> <span class='ocrx_word' id='word_1_179' title='bbox 505 2138 556 2211; x_wconf 90' lang='lat' dir='ltr'>qui</span> <span class='ocrx_word' id='word_1_180' title='bbox 570 2152 627 2196; x_wconf 90' lang='lat' dir='ltr'>nec</span> <span class='ocrx_word' id='word_1_181' title='bbox 641 2138 817 2212; x_wconf 87' lang='lat' dir='ltr'>inpietatem</span> <span class='ocrx_word' id='word_1_182' title='bbox 830 2137 961 2198; x_wconf 88' lang='lat' dir='ltr'>imitetur</span> <span class='ocrx_word' id='word_1_183' title='bbox 976 2153 1034 2198; x_wconf 89' lang='lat' dir='ltr'>nec</span> <span class='ocrx_word' id='word_1_184' title='bbox 1047 2137 1199 2196; x_wconf 87' lang='lat' dir='ltr'>insaniam</span> 
     </span>
     <span class='ocr_line' id='line_1_24' title="bbox 224 2217 1196 2295; baseline -0.001 -17"><span class='ocrx_word' id='word_1_185' title='bbox 224 2226 254 2278; x_wconf 89' lang='lat' dir='ltr'>et</span> <span class='ocrx_word' id='word_1_186' title='bbox 268 2235 327 2279; x_wconf 94' lang='lat' dir='ltr'>nos</span> <span class='ocrx_word' id='word_1_187' title='bbox 341 2217 372 2278; x_wconf 93' lang='lat' dir='ltr'>in</span> <span class='ocrx_word' id='word_1_188' title='bbox 384 2234 422 2278; x_wconf 93' lang='lat' dir='ltr'>eo</span> <span class='ocrx_word' id='word_1_189' title='bbox 434 2227 537 2279; x_wconf 89' lang='lat' dir='ltr'>teneat</span> <span class='ocrx_word' id='word_1_190' title='bbox 546 2219 665 2292; x_wconf 81' lang='lat' dir='ltr'>habitu,</span> <span class='ocrx_word' id='word_1_191' title='bbox 681 2220 775 2295; x_wconf 85' lang='lat' dir='ltr'>quiet</span> <span class='ocrx_word' id='word_1_192' title='bbox 786 2221 855 2294; x_wconf 91' lang='lat' dir='ltr'>piae</span> <span class='ocrx_word' id='word_1_193' title='bbox 867 2221 975 2282; x_wconf 88' lang='lat' dir='ltr'>mentis</span> <span class='ocrx_word' id='word_1_194' title='bbox 987 2228 1102 2281; x_wconf 90' lang='lat' dir='ltr'>estnec</span> <span class='ocrx_word' id='word_1_195' title='bbox 1114 2235 1196 2282; x_wconf 88' lang='lat' dir='ltr'>emo·</span> 
     </span>
     <span class='ocr_line' id='line_1_25' title="bbox 223 2301 1197 2375; baseline -0.002 -13"><span class='ocrx_word' id='word_1_196' title='bbox 223 2310 288 2362; x_wconf 85' lang='lat' dir='ltr'>tae=</span> <span class='ocrx_word' id='word_1_197' title='bbox 316 2301 415 2362; x_wconf 85' lang='lat' dir='ltr'>iluant</span> <span class='ocrx_word' id='word_1_198' title='bbox 435 2303 594 2375; x_wconf 82' lang='lat' dir='ltr'>lacrimae,</span> <span class='ocrx_word' id='word_1_199' title='bbox 614 2303 670 2365; x_wconf 91' lang='lat' dir='ltr'>sed</span> <span class='ocrx_word' id='word_1_200' title='bbox 687 2304 814 2366; x_wconf 88' lang='lat' dir='ltr'>eaedem</span> <span class='ocrx_word' id='word_1_201' title='bbox 829 2312 860 2364; x_wconf 91' lang='lat' dir='ltr'>et</span> <span class='ocrx_word' id='word_1_202' title='bbox 876 2304 1025 2366; x_wconf 90' lang='lat' dir='ltr'>desinant</span> <span class='ocrx_word' id='word_1_203' title='bbox 1041 2303 1197 2363; x_wconf 87' lang='lat' dir='ltr'>trahantur</span> 
     </span>
     <span class='ocr_line' id='line_1_26' title="bbox 224 2385 1196 2460; baseline -0.001 -17"><span class='ocrx_word' id='word_1_204' title='bbox 224 2401 263 2444; x_wconf 86' lang='lat' dir='ltr'>ex</span> <span class='ocrx_word' id='word_1_205' title='bbox 277 2385 340 2446; x_wconf 93' lang='lat' dir='ltr'>imo</span> <span class='ocrx_word' id='word_1_206' title='bbox 352 2386 485 2460; x_wconf 74' lang='lat' dir='ltr'>genitus</span> <span class='ocrx_word' id='word_1_207' title='bbox 500 2396 641 2460; x_wconf 71' lang='lat' dir='ltr'>pectore,</span> <span class='ocrx_word' id='word_1_208' title='bbox 654 2387 711 2450; x_wconf 88' lang='lat' dir='ltr'>sed</span> <span class='ocrx_word' id='word_1_209' title='bbox 726 2387 817 2446; x_wconf 92' lang='lat' dir='ltr'>iidem</span> <span class='ocrx_word' id='word_1_210' title='bbox 831 2395 862 2460; x_wconf 80' lang='lat' dir='ltr'>et</span> <span class='ocrx_word' id='word_1_211' title='bbox 875 2387 1027 2451; x_wconf 82' lang='lat' dir='ltr'>liniantur.</span> <span class='ocrx_word' id='word_1_212' title='bbox 1061 2385 1113 2448; x_wconf 90' lang='lat' dir='ltr'>Sic</span> <span class='ocrx_word' id='word_1_213' title='bbox 1123 2399 1196 2459; x_wconf 84' lang='lat' dir='ltr'>rege</span> 
     </span>
     <span class='ocr_line' id='line_1_27' title="bbox 224 2470 1198 2546; baseline -0.002 -18"><span class='ocrx_word' id='word_1_214' title='bbox 224 2470 356 2530; x_wconf 87' lang='lat' dir='ltr'>animum</span> <span class='ocrx_word' id='word_1_215' title='bbox 376 2477 474 2541; x_wconf 88' lang='lat' dir='ltr'>tuum,</span> <span class='ocrx_word' id='word_1_216' title='bbox 499 2477 532 2530; x_wconf 90' lang='lat' dir='ltr'>ut</span> <span class='ocrx_word' id='word_1_217' title='bbox 551 2477 581 2528; x_wconf 90' lang='lat' dir='ltr'>et</span> <span class='ocrx_word' id='word_1_218' title='bbox 601 2471 790 2544; x_wconf 78' lang='lat' dir='ltr'>sapientibus</span> <span class='ocrx_word' id='word_1_219' title='bbox 811 2479 842 2532; x_wconf 92' lang='lat' dir='ltr'>te</span> <span class='ocrx_word' id='word_1_220' title='bbox 858 2471 1034 2546; x_wconf 84' lang='lat' dir='ltr'>adprobare</span> <span class='ocrx_word' id='word_1_221' title='bbox 1046 2470 1152 2544; x_wconf 89' lang='lat' dir='ltr'>possis</span> <span class='ocrx_word' id='word_1_222' title='bbox 1167 2475 1198 2528; x_wconf 90' lang='lat' dir='ltr'>et</span> 
     </span>
     <span class='ocr_line' id='line_1_28' title="bbox 197 2552 1196 2629; baseline -0.004 -15"><span class='ocrx_word' id='word_1_223' title='bbox 197 2553 379 2616; x_wconf 78' lang='lat' dir='ltr'>liratribus.</span> <span class='ocrx_word' id='word_1_224' title='bbox 414 2552 556 2625; x_wconf 77' lang='lat' dir='ltr'>Effice,</span> <span class='ocrx_word' id='word_1_225' title='bbox 583 2562 622 2612; x_wconf 94' lang='lat' dir='ltr'>ut</span> <span class='ocrx_word' id='word_1_226' title='bbox 642 2555 870 2629; x_wconf 79' lang='lat' dir='ltr'>frequenter</span> <span class='ocrx_word' id='word_1_227' title='bbox 889 2555 1026 2616; x_wconf 74' lang='lat' dir='ltr'>fratris</span> <span class='ocrx_word' id='word_1_228' title='bbox 1047 2553 1101 2616; x_wconf 89' lang='lat' dir='ltr'>tui</span> <span class='ocrx_word' id='word_1_229' title='bbox 1124 2568 1196 2612; x_wconf 89' lang='lat' dir='ltr'>me—</span> 
     </span>
     <span class='ocr_line' id='line_1_29' title="bbox 223 2637 1260 2727; baseline -0.003 -31"><span class='ocrx_word' id='word_1_230' title='bbox 223 2637 379 2698; x_wconf 85' lang='lat' dir='ltr'>moriam</span> <span class='ocrx_word' id='word_1_231' title='bbox 401 2637 475 2699; x_wconf 86' lang='lat' dir='ltr'>tibi</span> <span class='ocrx_word' id='word_1_232' title='bbox 493 2637 596 2696; x_wconf 90' lang='lat' dir='ltr'>velis</span> <span class='ocrx_word' id='word_1_233' title='bbox 617 2653 844 2711; x_wconf 88' lang='lat' dir='ltr'>occurrere,</span> <span class='ocrx_word' id='word_1_234' title='bbox 873 2647 906 2706; x_wconf 83' lang='lat' dir='ltr'>ut</span> <span class='ocrx_word' id='word_1_235' title='bbox 925 2639 1008 2700; x_wconf 83' lang='lat' dir='ltr'>illurn</span> <span class='ocrx_word' id='word_1_236' title='bbox 1029 2645 1060 2696; x_wconf 93' lang='lat' dir='ltr'>et</span> <span class='ocrx_word' id='word_1_237' title='bbox 1080 2650 1197 2696; x_wconf 89' lang='lat' dir='ltr'>sermo-</span> <span class='ocrx_word' id='word_1_238' title='bbox 1259 2701 1260 2727; x_wconf 23' lang='lat'>¹</span> 
     </span>
     <span class='ocr_line' id='line_1_30' title="bbox 223 2717 1198 2796; baseline 0 -20"><span class='ocrx_word' id='word_1_239' title='bbox 223 2719 314 2778; x_wconf 90' lang='lat' dir='ltr'>nibus</span> <span class='ocrx_word' id='word_1_240' title='bbox 335 2721 473 2780; x_wconf 88' lang='lat' dir='ltr'>celebres</span> <span class='ocrx_word' id='word_1_241' title='bbox 488 2726 520 2783; x_wconf 87' lang='lat' dir='ltr'>et</span> <span class='ocrx_word' id='word_1_242' title='bbox 532 2719 665 2784; x_wconf 79' lang='lat' dir='ltr'>adsidua</span> <span class='ocrx_word' id='word_1_243' title='bbox 677 2721 894 2784; x_wconf 84' lang='lat' dir='ltr'>recordatione</span> <span class='ocrx_word' id='word_1_244' title='bbox 903 2728 1119 2796; x_wconf 85' lang='lat' dir='ltr'>repraesentes</span> <span class='ocrx_word' id='word_1_245' title='bbox 1134 2717 1198 2790; x_wconf 74' lang='lat' dir='ltr'>tibi,</span> 
     </span>
     <span class='ocr_line' id='line_1_31' title="bbox 224 2802 1198 2877; baseline 0.002 -15"><span class='ocrx_word' id='word_1_246' title='bbox 224 2802 308 2876; x_wconf 89' lang='lat' dir='ltr'>quod</span> <span class='ocrx_word' id='word_1_247' title='bbox 323 2803 365 2862; x_wconf 89' lang='lat' dir='ltr'>ita</span> <span class='ocrx_word' id='word_1_248' title='bbox 379 2803 503 2864; x_wconf 87' lang='lat' dir='ltr'>demum</span> <span class='ocrx_word' id='word_1_249' title='bbox 516 2804 666 2876; x_wconf 90' lang='lat' dir='ltr'>consequi</span> <span class='ocrx_word' id='word_1_250' title='bbox 682 2806 812 2877; x_wconf 90' lang='lat' dir='ltr'>poteris,</span> <span class='ocrx_word' id='word_1_251' title='bbox 833 2806 860 2863; x_wconf 90' lang='lat' dir='ltr'>si</span> <span class='ocrx_word' id='word_1_252' title='bbox 874 2805 926 2864; x_wconf 88' lang='lat' dir='ltr'>tibi</span> <span class='ocrx_word' id='word_1_253' title='bbox 937 2804 1115 2869; x_wconf 83' lang='lat' dir='ltr'>memoriam</span> <span class='ocrx_word' id='word_1_254' title='bbox 1130 2803 1198 2864; x_wconf 88' lang='lat' dir='ltr'>eius</span> 
     </span>
     <span class='ocr_line' id='line_1_32' title="bbox 222 2884 1198 2960; baseline -0.002 -16"><span class='ocrx_word' id='word_1_255' title='bbox 222 2885 386 2946; x_wconf 89' lang='lat' dir='ltr'>iucundam</span> <span class='ocrx_word' id='word_1_256' title='bbox 400 2886 499 2959; x_wconf 81' lang='lat' dir='ltr'>magis</span> <span class='ocrx_word' id='word_1_257' title='bbox 514 2902 604 2960; x_wconf 90' lang='lat' dir='ltr'>quam</span> <span class='ocrx_word' id='word_1_258' title='bbox 616 2885 749 2948; x_wconf 86' lang='lat' dir='ltr'>flebilem</span> <span class='ocrx_word' id='word_1_259' title='bbox 760 2887 882 2952; x_wconf 80' lang='lat' dir='ltr'>leceris</span> <span class='ocrx_word' id='word_1_260' title='bbox 902 2889 1037 2949; x_wconf 89' lang='lat' dir='ltr'>naturale</span> <span class='ocrx_word' id='word_1_261' title='bbox 1048 2893 1096 2948; x_wconf 85' lang='lat' dir='ltr'>est</span> <span class='ocrx_word' id='word_1_262' title='bbox 1106 2884 1198 2954; x_wconf 72' lang='lat' dir='ltr'>enim,</span> 
     </span>
     <span class='ocr_line' id='line_1_33' title="bbox 222 2967 1198 3046; baseline 0.003 -20"><span class='ocrx_word' id='word_1_263' title='bbox 222 2975 256 3026; x_wconf 89' lang='lat' dir='ltr'>ut</span> <span class='ocrx_word' id='word_1_264' title='bbox 276 2983 398 3043; x_wconf 89' lang='lat' dir='ltr'>semper</span> <span class='ocrx_word' id='word_1_265' title='bbox 417 2971 537 3031; x_wconf 88' lang='lat' dir='ltr'>animus</span> <span class='ocrx_word' id='word_1_266' title='bbox 558 2970 598 3028; x_wconf 91' lang='lat' dir='ltr'>ab</span> <span class='ocrx_word' id='word_1_267' title='bbox 618 2985 656 3030; x_wconf 91' lang='lat' dir='ltr'>eo</span> <span class='ocrx_word' id='word_1_268' title='bbox 675 2969 821 3044; x_wconf 73' lang='lat' dir='ltr'>reiugiat,</span> <span class='ocrx_word' id='word_1_269' title='bbox 842 2971 884 3033; x_wconf 85' lang='lat' dir='ltr'>ad</span> <span class='ocrx_word' id='word_1_270' title='bbox 896 2972 981 3046; x_wconf 82' lang='lat' dir='ltr'>quod</span> <span class='ocrx_word' id='word_1_271' title='bbox 995 2986 1065 3034; x_wconf 83' lang='lat' dir='ltr'>cum</span> <span class='ocrx_word' id='word_1_272' title='bbox 1078 2967 1198 3030; x_wconf 82' lang='lat' dir='ltr'>tristitia</span> 
     </span>
     <span class='ocr_line' id='line_1_34' title="bbox 192 3051 1194 3128; baseline 0.004 -23"><span class='ocrx_word' id='word_1_273' title='bbox 192 3051 391 3112; x_wconf 73' lang='lat' dir='ltr'>erevertitur.</span> <span class='ocrx_word' id='word_1_274' title='bbox 427 3052 533 3127; x_wconf 81' lang='lat' dir='ltr'>Cogita</span> <span class='ocrx_word' id='word_1_275' title='bbox 545 3054 728 3118; x_wconf 84' lang='lat' dir='ltr'>modestiam</span> <span class='ocrx_word' id='word_1_276' title='bbox 741 3056 824 3127; x_wconf 89' lang='lat' dir='ltr'>eius,</span> <span class='ocrx_word' id='word_1_277' title='bbox 840 3055 941 3128; x_wconf 63' lang='lat' dir='ltr'>comta</span> <span class='ocrx_word' id='word_1_278' title='bbox 953 3056 985 3116; x_wconf 93' lang='lat' dir='ltr'>in</span> <span class='ocrx_word' id='word_1_279' title='bbox 997 3053 1092 3118; x_wconf 83' lang='lat' dir='ltr'>rebus</span> <span class='ocrx_word' id='word_1_280' title='bbox 1104 3066 1194 3126; x_wconf 73' lang='lat' dir='ltr'>agen-</span> 
     </span>
     <span class='ocr_line' id='line_1_35' title="bbox 223 3133 1195 3212; baseline 0.003 -21"><span class='ocrx_word' id='word_1_281' title='bbox 223 3133 273 3192; x_wconf 86' lang='lat' dir='ltr'>dis</span> <span class='ocrx_word' id='word_1_282' title='bbox 294 3135 474 3209; x_wconf 88' lang='lat' dir='ltr'>sollertiam,</span> <span class='ocrx_word' id='word_1_283' title='bbox 495 3136 528 3194; x_wconf 88' lang='lat' dir='ltr'>in</span> <span class='ocrx_word' id='word_1_284' title='bbox 546 3137 755 3210; x_wconf 75' lang='lat' dir='ltr'>exsequendis</span> <span class='ocrx_word' id='word_1_285' title='bbox 770 3137 966 3210; x_wconf 79' lang='lat' dir='ltr'>industriam,</span> <span class='ocrx_word' id='word_1_286' title='bbox 987 3138 1021 3202; x_wconf 83' lang='lat' dir='ltr'>im</span> <span class='ocrx_word' id='word_1_287' title='bbox 1034 3135 1195 3212; x_wconf 81' lang='lat' dir='ltr'>promissis</span> 
     </span>
     <span class='ocr_line' id='line_1_36' title="bbox 224 3217 1196 3294; baseline 0.002 -20"><span class='ocrx_word' id='word_1_288' title='bbox 224 3217 435 3276; x_wconf 88' lang='lat' dir='ltr'>constantiam.</span> <span class='ocrx_word' id='word_1_289' title='bbox 464 3217 567 3280; x_wconf 92' lang='lat' dir='ltr'>omnia</span> <span class='ocrx_word' id='word_1_290' title='bbox 580 3219 664 3284; x_wconf 85' lang='lat' dir='ltr'>dicta</span> <span class='ocrx_word' id='word_1_291' title='bbox 674 3221 742 3284; x_wconf 84' lang='lat' dir='ltr'>eius</span> <span class='ocrx_word' id='word_1_292' title='bbox 756 3235 793 3280; x_wconf 87' lang='lat' dir='ltr'>ac</span> <span class='ocrx_word' id='word_1_293' title='bbox 807 3221 887 3284; x_wconf 83' lang='lat' dir='ltr'>lacta</span> <span class='ocrx_word' id='word_1_294' title='bbox 903 3229 932 3282; x_wconf 90' lang='lat' dir='ltr'>et</span> <span class='ocrx_word' id='word_1_295' title='bbox 946 3221 1014 3288; x_wconf 83' lang='lat' dir='ltr'>aliis</span> <span class='ocrx_word' id='word_1_296' title='bbox 1028 3234 1152 3294; x_wconf 64' lang='lat' dir='ltr'>expone</span> <span class='ocrx_word' id='word_1_297' title='bbox 1167 3226 1196 3276; x_wconf 91' lang='lat' dir='ltr'>et</span> 
     </span>
    </p>
   </div>
   <div class='ocr_carea' id='block_1_3' title="bbox 222 3295 1196 3379">
    <p class='ocr_par' dir='ltr' id='par_1_3' title="bbox 222 3295 1196 3379">
     <span class='ocr_line' id='line_1_37' title="bbox 222 3295 1196 3379; baseline 0.001 -22"><span class='ocrx_word' id='word_1_298' title='bbox 222 3295 339 3358; x_wconf 83' lang='lat' dir='ltr'>tibimet</span> <span class='ocrx_word' id='word_1_299' title='bbox 359 3299 428 3372; x_wconf 90' lang='lat' dir='ltr'>ipse</span> <span class='ocrx_word' id='word_1_300' title='bbox 447 3317 661 3362; x_wconf 83' lang='lat' dir='ltr'>commemora</span> <span class='ocrx_word' id='word_1_301' title='bbox 688 3303 789 3377; x_wconf 88' lang='lat' dir='ltr'>qualis</span> <span class='ocrx_word' id='word_1_302' title='bbox 808 3304 898 3366; x_wconf 85' lang='lat' dir='ltr'>luerit</span> <span class='ocrx_word' id='word_1_303' title='bbox 919 3305 1018 3379; x_wconf 78' lang='lat' dir='ltr'>cogita</span> <span class='ocrx_word' id='word_1_304' title='bbox 1034 3303 1196 3378; x_wconf 87' lang='lat' dir='ltr'>qualisque</span> 
     </span>
    </p>
   </div>
   <div class='ocr_carea' id='block_1_4' title="bbox 222 3381 1197 3538">
    <p class='ocr_par' dir='ltr' id='par_1_4' title="bbox 222 3381 1197 3538">
     <span class='ocr_line' id='line_1_38' title="bbox 224 3381 1197 3462; baseline 0.002 -22"><span class='ocrx_word' id='word_1_305' title='bbox 224 3381 342 3454; x_wconf 83' lang='lat' dir='ltr'>sperari</span> <span class='ocrx_word' id='word_1_306' title='bbox 363 3383 503 3454; x_wconf 85' lang='lat' dir='ltr'>potuerit.</span> <span class='ocrx_word' id='word_1_307' title='bbox 538 3385 610 3460; x_wconf 90' lang='lat' dir='ltr'>quid</span> <span class='ocrx_word' id='word_1_308' title='bbox 633 3387 712 3448; x_wconf 89' lang='lat' dir='ltr'>enim</span> <span class='ocrx_word' id='word_1_309' title='bbox 734 3387 773 3446; x_wconf 93' lang='lat' dir='ltr'>de</span> <span class='ocrx_word' id='word_1_310' title='bbox 799 3387 851 3450; x_wconf 89' lang='lat' dir='ltr'>illo</span> <span class='ocrx_word' id='word_1_311' title='bbox 875 3404 939 3449; x_wconf 86' lang='lat' dir='ltr'>non</span> <span class='ocrx_word' id='word_1_312' title='bbox 963 3395 1033 3449; x_wconf 89' lang='lat' dir='ltr'>tuto</span> <span class='ocrx_word' id='word_1_313' title='bbox 1049 3383 1197 3462; x_wconf 89' lang='lat' dir='ltr'>sponderi</span> 
     </span>
     <span class='ocr_line' id='line_1_39' title="bbox 222 3463 451 3538; baseline 0 -17"><span class='ocrx_word' id='word_1_314' title='bbox 222 3465 315 3522; x_wconf 81' lang='lat' dir='ltr'>fratre</span> <span class='ocrx_word' id='word_1_315' title='bbox 329 3463 451 3538; x_wconf 69' lang='lat' dir='ltr'>possiti</span> 
     </span>
    </p>
   </div>
   <div class='ocr_carea' id='block_1_5' title="bbox 0 0 1290 3888">
    <p class='ocr_par' dir='ltr' id='par_1_5' title="bbox 0 0 1290 3888">
     <span class='ocr_line' id='line_1_40' title="bbox 0 0 1290 3888; baseline 0 0"><span class='ocrx_word' id='word_1_316' title='bbox 0 0 1290 3888; x_wconf 95' lang='lat' dir='ltr'> </span> 
     </span>
    </p>
   </div>
  </div>
 </body>
</html>
