2554 3888
144 238 199 298 ΑΙ)
209 232 408 300 rourarun
417 216 468 298 uu
481 236 781 300 consonanonn.
798 247 917 302 12-14.
927 243 993 320 [a]
1015 237 1078 305 aar

101 393 208 454 orbern
231 398 463 467 pervagantem=
487 406 657 466 quaecum
679 407 717 450 ex
738 392 806 467 ipso
821 393 881 454 hoc
895 395 1022 468 angulo,
1046 394 1077 454 in

100 493 165 552 quo
186 491 244 551 ego
262 474 382 538 defixus
397 491 480 548 sum,
502 475 667 549 conplures
683 478 843 536 multorum
857 477 915 536 iam
929 493 1078 538 annorum

99 560 190 620 ruina
204 560 331 620 obrutos
346 558 489 620 effoderit
502 566 533 618 et
546 559 575 617 in
590 559 687 618 lucem
700 559 871 631 reduxerit,
895 577 956 620 non
966 577 1079 622 vereor

15 714 16 726 χ
100 657 141 702 ne
161 659 210 702 me
228 659 322 703 unum
342 648 486 704 transeat.
512 643 584 717 Ipse
605 648 704 701 autem
720 644 832 717 optime
847 644 932 704 novit
945 652 1076 718 tempus,

15 727 16 760 l
100 743 165 802 quo
180 724 291 800 cuique
306 725 416 785 debeat
430 739 624 786 succurrere:
645 740 702 800 ego
715 742 834 786 omnem
847 743 972 802 operam
985 728 1075 802 dabo,

100 825 142 870 ne
168 807 331 884 pervenire
354 810 468 890 adme
492 809 663 870 erubescat.
698 808 722 869 0
747 809 864 870 felicem
888 811 1107 872 clementiam

99 901 200 965 tuam,
228 892 355 968 Caesar,
380 907 459 968 quae
479 892 595 966 effecit,
620 899 653 952 ut
669 893 846 967 quietiorem
868 895 926 956 sub
942 902 971 955 te
985 903 1077 970 agant

14 1017 15 1020 κ
100 977 331 1050 vitam-exules,
348 993 440 1050 quam
454 991 553 1051 nuper
564 976 622 1036 sub
635 976 705 1036 Caio
718 991 808 1051 egere
820 978 991 1053 principes:
1013 995 1074 1038 non

99 1060 254 1136 trepidant
272 1076 330 1120 nec
345 1075 400 1135 per
414 1059 552 1134 singulas
566 1058 660 1118 horas
675 1061 808 1134 gladium
823 1068 1004 1137 exspectant
1018 1078 1075 1121 nec

100 1144 142 1204 ad
160 1159 281 1204 omnem
295 1141 418 1203 navium
433 1149 631 1218 conspectum
647 1151 768 1218 pavent.
799 1161 855 1219 per
871 1153 901 1205 te
915 1145 1029 1205 habent
1043 1153 1077 1206 ut

101 1229 242 1288 fortunae
252 1225 418 1288 saevientis
429 1227 553 1288 modum
565 1227 605 1286 ita
617 1243 704 1301 spem
717 1244 842 1302 quoque
853 1229 986 1290 melioris
994 1230 1076 1289 eius-

99 1312 170 1370 dem
187 1327 228 1370 ao
238 1308 410 1386 praesentis
423 1310 565 1386 quietem.
588 1309 676 1370 Scias
687 1312 759 1372 licet
770 1327 808 1371 ea
818 1312 944 1372 demum
951 1313 1077 1372 fulmina

98 1393 369 1466 esse'iustissima‚
393 1409 472 1469 quae
487 1396 576 1456 etiam
592 1394 732 1469 percussi
748 1397 858 1456 colunt.

162 1479 243 1538 XIV.
266 1483 336 1550 [aa]
356 1479 413 1538 Hic
426 1479 529 1555 itaque
538 1477 693 1554 princeps,
710 1479 762 1554 qui
773 1480 928 1553 publicum
942 1481 1075 1540 omnium
1087 1491 1103 1544 1

99 1562 258 1622 hominurn
274 1562 415 1622 solatium
430 1569 492 1637 est,
508 1570 560 1622 aut
574 1577 622 1620 me
638 1563 739 1622 omnia
757 1563 877 1636 fallunt,
894 1570 946 1624 aut
956 1565 1015 1622 iam
1026 1579 1073 1623 re-

101 1646 216 1706 creavit
234 1646 366 1705 animum
381 1652 464 1705 tuum
482 1653 512 1706 el
527 1653 586 1704 tarn
601 1662 711 1720 magno
727 1645 844 1707 volneri
858 1647 975 1708 maiora
989 1647 1074 1706 adhi-

99 1728 166 1790 buil
178 1729 324 1790 remedia·
352 1726 411 1788 iam
425 1737 455 1788 te
470 1727 552 1791 omni
566 1729 757 1789 confirmavit
770 1729 872 1790 modo.
900 1731 960 1790 iam
972 1728 1075 1790 omnia

99 1813 257 1886 exempla,
280 1811 392 1886 quibus
413 1813 451 1871 ad
468 1813 559 1872 animi
574 1813 758 1886 aequitatem
772 1815 1007 1888 conpellereris,
1029 1823 1074 1874 te·

99 1896 265 1956 nacissima
276 1896 421 1962 memoria
432 1895 541 1956 retulit.
561 1896 619 1954 iam
628 1897 761 1956 omnium
772 1903 939 1972 praecepta
951 1898 1073 1972 sapien-

65 2037 68 2042 .
99 1987 163 2044 turn
177 1980 306 2038 adsueta
321 1977 379 2038 sibi
394 1979 537 2038 facundia
551 1979 705 2054 explicuit.
729 1980 835 2041 Nullus
850 1981 953 2056 itaque
964 1979 1103 2045 meliusn

98 2063 156 2124 has
178 2058 370 2137 adloquendi
386 2069 490 2138 partes
509 2063 715 2139 occupaverit.
750 2063 831 2126 aliud
846 2063 1000 2124 habebunt
1014 2063 1075 2124 hoc

100 2147 220 2207 dicente
231 2145 355 2221 pondus
366 2146 462 2206 verba
474 2147 555 2207 velut
565 2147 604 2207 ab
616 2149 740 2207 oraculo
752 2149 856 2208 missu.
880 2164 1000 2207 omnem
1013 2148 1074 2206 vim

100 2231 216 2291 doloris
231 2230 274 2290 tui
289 2229 392 2290 divina
406 2230 472 2290 eius
489 2231 655 2290 contundet
671 2231 844 2292 auctoritas.
873 2232 955 2291 hunc
970 2229 1075 2306 itaque

98 2314 152 2374 tibi
166 2315 362 2388 puledicere=
386 2314 483 2388 „Non
498 2321 533 2374 te
549 2316 671 2375 solum
688 2316 842 2376 lortuna
856 2314 1075 2390 desumpsit

99 2397 190 2470 sibi,
210 2403 403 2471 quamtum
419 2398 529 2472 gravi
545 2398 904 2460 adlicercliniuria.
929 2399 1073 2458 nullado-

98 2495 167 2540 mns
180 2479 210 2540 in
226 2487 290 2542 toto
306 2481 380 2540 orbe
395 2489 541 2541 terrarum
558 2490 610 2540 aut
621 2489 669 2540 est
680 2490 731 2542 aut
742 2483 798 2542 luit
809 2483 875 2542 sine
886 2482 988 2555 aliqua
1000 2497 1073 2541 con-

100 2564 282 2639 ploratione.
310 2564 457 2624 Transibo
471 2565 611 2640 cxempla
624 2566 774 2639 volgaria,
798 2580 877 2640 quae
889 2563 1007 2624 etiamsi
1018 2563 1073 2622 mi·

98 2664 190 2721 nora,
210 2656 310 2708 lamen
325 2649 444 2722 misera,
465 2654 551 2708 sunt:
574 2649 614 2708 ad
629 2649 727 2708 fastus
738 2655 771 2710 te
784 2656 813 2707 et
824 2649 949 2707 annales
960 2647 1073 2722 perdu-

99 2747 165 2791 cam
179 2732 330 2805 publicos.
353 2732 450 2791 Vides
463 2748 570 2792 omnes
581 2731 639 2792 has
651 2732 808 2806 imagines,
825 2746 904 2806 quae
916 2731 1104 2807 inpleverea

97 2816 265 2875 Caesarum
286 2816 415 2874 atrium?
442 2817 525 2877 nulla
548 2832 608 2876 non
629 2816 734 2875 harum
756 2817 858 2890 aliquo
880 2831 1006 2876 suorum
1027 2814 1073 2874 in·

99 2898 263 2959 commodo
278 2896 408 2974 insignis
423 2906 480 2959 est.
504 2915 593 2960 nemo
609 2916 669 2960 non
686 2915 725 2959 ex
737 2900 803 2960 istis
818 2898 848 2959 in
865 2907 1074 2960 ornamentum

97 2983 275 3043 seculorum
294 2983 515 3057 refulgentibus
535 2984 609 3042 viris
629 2990 681 3043 aut
696 2983 849 3044 desiderio
868 2999 994 3044 suorum
1010 2990 1073 3042 tor·

97 3074 146 3126 tus
163 3073 211 3126 est
225 3073 277 3128 aut
291 3083 309 3126 a
325 3067 390 3126 suis
406 3082 473 3126 curn
486 3068 617 3127 maximo
630 3069 721 3126 animi
733 3067 867 3127 cruciatu
879 3067 1073 3126 desideratus

97 3157 155 3210 est.
194 3150 271 3224 Quid
293 3150 345 3210 tibi
366 3151 495 3210 reseram
518 3149 692 3225 Scipionem
710 3152 901 3223 Africanum,
925 3151 973 3210 cui
987 3161 1103 3215 morsi

97 3234 199 3294 fratris
214 3235 244 3293 in
260 3235 352 3295 exilio
366 3233 503 3294 nuntiata
513 3241 580 3294 estl
601 3235 628 3295 is
641 3235 746 3308 irater,
764 3234 815 3308 qui
827 3235 938 3308 eripuit
949 3234 1072 3294 fratrem

97 3331 238 3390 carcere,
257 3333 317 3378 non
335 3318 432 3393 potuit
447 3319 565 3394 eripere
577 3319 648 3378 lato.
666 3323 701 3377 'et
718 3333 808 3391 quum
824 3319 985 3392 impatiens
997 3317 1072 3377 iuris

96 3401 188 3476 aequi
201 3400 299 3476 pietas
310 3401 446 3462 Alrioani
457 3401 554 3476 fuerit,
568 3402 684 3462 cunctis
696 3401 852 3476 adparuit:
872 3403 981 3461 eodem
992 3399 1072 3458 enim

96 3483 147 3542 die
169 3484 273 3560 Scipio
293 3485 473 3562 Africanus,
492 3502 553 3561 quo
569 3485 693 3546 viatoris
710 3486 849 3546 manibus
864 3487 986 3546 nauem
1000 3483 1075 3542 abs-
