2522 3906
255 239 359 300 DIAL.
374 241 424 299 ΙΙΙ.
449 239 500 300 ΒΕ
522 241 592 300 IRA
611 241 684 300 LIB.
710 241 731 299 l.
753 249 852 306 3-6.
1004 241 1048 304 39

72 395 130 452 dam
144 408 259 452 saevae
274 409 383 466 manu,
403 393 506 453 verbis
521 392 688 468 parciores.
726 396 876 470 quaedam
890 396 921 456 in
937 397 1046 458 verbo-

71 493 125 536 rum
148 475 447 551 maledictorumque
472 477 704 537 amaritudinem
730 477 857 538 effusae.
895 481 1046 555 quaedam

72 563 136 620 ultra
152 561 300 634 querelas
317 567 346 620 et
360 562 593 622 adversationes
608 577 670 622 non
685 569 807 622 exeunt.
841 566 993 639 quaedam
1004 567 1047 625 al·

72 653 111 704 tae
123 659 300 719 gravesque
317 653 388 706 sunt
407 653 436 705 et
456 645 607 706 introrsus
622 640 742 706 versae.
784 646 857 708 Mile
877 649 957 708 aliae
976 664 1047 724 spe·

73 728 126 788 cies
140 736 212 788 sunt
226 729 301 804 mali
315 729 498 804 multiplicis.

125 813 161 870 V.
202 811 303 885 Quid
325 820 433 873 esset
452 813 509 872 ira
531 813 750 887 quaesitum
772 823 846 888 est,
868 832 912 876 an
934 817 969 874 in
990 817 1077 895 ul-1

73 899 135 956 turn
160 896 270 956 atiud
295 898 436 956 animat
462 913 571 974 quam
596 897 632 956 in
657 897 848 958 hominem
874 900 1058 974 caderet,

22 1019 23 1022 ,
74 980 1047 1059 quoabiracundiadistaretetquaeeiusspecies

73 1072 211 1124 essent:
235 1081 334 1124 nune
350 1081 597 1142 quaeramuS,
617 1081 662 1124 an
678 1065 961 1128 irasecundum
983 1085 1047 1127 na-

72 1149 361 1208 turamsitetan
377 1147 488 1210 utitis
504 1156 620 1224 atque
637 1166 683 1208 ex
703 1152 837 1224 aliqua
857 1159 967 1227 parte
988 1167 1047 1210 re-

72 1234 235 1292 tinenda.

22 1369 23 1384 ,
125 1320 179 1375 An
205 1317 418 1376 secundum
444 1324 618 1376 naturam
639 1317 690 1375 sit
708 1318 902 1378 manifestum
922 1321 994 1392 erit,
1022 1319 1076 1387 sis

21 1455 22 1458 ,
74 1400 219 1460 hominem
233 1399 474 1476 inspexerimus:
491 1417 554 1476 quo
571 1401 645 1476 quid
656 1407 704 1460 est
714 1400 824 1474 mitius
838 1402 911 1461 dum
920 1401 951 1460 in
963 1410 1047 1462 recto

74 1484 154 1543 animi
176 1485 284 1544 habitu
299 1490 367 1545 estt
398 1485 471 1560 quid
495 1491 595 1546 autem
621 1485 666 1544 ira
691 1484 846 1567 crudelius
867 1491 936 1545 estt
971 1483 1048 1558 Quid

73 1567 186 1627 homine
201 1569 332 1628 aliorum
346 1570 519 1629 amantius?
553 1569 626 1644 quid
646 1569 692 1628 ira
706 1569 870 1642 infestius?
903 1571 1002 1630 Homo
1018 1571 1048 1628 in

73 1652 249 1713 adiutorium
262 1659 399 1712 mutuum
414 1653 534 1727 genitus
549 1661 611 1726 est,
634 1652 680 1711 ira
694 1651 725 1712 in
740 1654 886 1714 exitium..
909 1653 959 1712 hic
975 1671 1048 1714 oon-

73 1737 184 1810 gregori
200 1737 272 1808 vult,
289 1737 340 1796 illa
355 1737 524 1796 discedere.
547 1737 597 1796 hio
613 1736 774 1811 prodesse,
789 1737 840 1798 illa
854 1753 976 1798 nocere.
999 1738 1048 1798 hie

73 1821 152 1880 etiarn
178 1818 293 1894 ignotis
314 1836 508 1895 succurrere,
538 1820 590 1880 itta
609 1819 699 1880 etiam
715 1821 891 1882 carissimos
907 1824 1048 1895 perdere.

72 1903 255 1965 tricatiorum
272 1905 474 1964 incommodis
488 1905 537 1964 vel
552 1905 719 1980 inpendere
734 1920 769 1962 se
785 1913 907 1980 paratus
923 1911 983 1979 est,
998 1906 1050 1963 illa

21 2003 23 2010 ’
73 1987 97 2044 in
111 1987 290 2062 perieulum,
307 1988 474 2058 dummodo
492 1989 632 2062 deducat,
650 1988 850 2048 descendere.
883 1989 957 2061 Quis
975 2003 1077 2062 erg03

21 2135 22 2144 ,
73 2073 162 2146 magis
177 2079 317 2132 naturam
331 2071 451 2146 ignorat
464 2088 566 2132 rerum
581 2088 673 2149 quam
690 2071 742 2147 qui
758 2072 872 2146 optimo
884 2073 949 2131 eius
963 2072 1049 2146 operi

74 2163 99 2214 et
111 2157 360 2216 emendatissimo
375 2155 434 2215 hoo
449 2157 546 2216 terum
562 2172 599 2216 ac
613 2157 820 2243 perniciosum
840 2156 945 2215 vitium
967 2157 1047 2215 adsi·

73 2246 158 2312 goat?
179 2241 237 2314 Ira,
253 2247 286 2304 ut
301 2237 441 2312 diximus,
458 2241 549 2300 avida
565 2255 685 2314 poenae
700 2247 755 2315 est,
771 2241 858 2301 euius
875 2239 1049 2314 cupidinem

72 2323 171 2382 inesse
202 2324 399 2398 pacatissimo
428 2323 560 2404 hominis
591 2324 708 2398 pectori
734 2323 855 2384 minime
880 2325 1049 2383 seeundum

73 2408 134 2466 eius
149 2414 289 2466 naturam
305 2415 361 2466 est.
395 2407 554 2468 benefieiis
569 2407 649 2466 enim
664 2407 796 2469 humana
811 2408 872 2467 vita
887 2413 1007 2467 constat
1021 2415 1051 2466 et

75 2492 251 2562 concordia,
267 2507 325 2550 nee
339 2499 465 2563 terrore,
484 2491 541 2551 sed
556 2498 660 2551 mutuo
676 2507 779 2551 amore
793 2492 823 2550 in
840 2493 950 2552 loedus
966 2491 1050 2549 auxi-

74 2575 204 2649 liumque
220 2590 383 2634 commune
398 2575 622 2648 constringitur.

21 2707 23 2740 ,
130 2659 184 2717 VI.
219 2657 298 2732 Quid
314 2665 409 2732 ergo?
441 2673 502 2717 non
517 2658 683 2734 aliquando
702 2658 859 2731 castigatio
875 2655 1074 2722 necessarior

21 2759 23 2780 ⁶
73 2748 135 2801 estt
169 2741 300 2818 quidni‘t
332 2743 389 2802 sed
403 2742 479 2800 haee
494 2743 630 2814 sincera,
646 2758 715 2801 cum
728 2741 855 2800 ratione.
894 2739 1051 2798 nonenim

22 2855 23 2862 κ
74 2834 167 2900 nocet,
181 2826 241 2886 sed
251 2825 391 2885 medetur
402 2827 506 2900 specie
518 2825 659 2888 nocendi.
686 2824 1052 2898 Quemadmodum-quae-

74 2911 139 2970 dam
154 2909 280 2970 hastilia
294 2911 413 2970 detorta
427 2917 461 2969 ut
482 2910 685 2982 corrigamus,
707 2909 863 2968 adurimus
885 2915 914 2967 et
935 2907 1052 2967 adactis

73 2994 192 3067 cuneis,
215 3011 278 3054 non
294 3001 328 3054 ut
342 2993 533 3067 frangam,
556 2993 613 3052 sed
628 2999 662 3051 ut
676 2993 880 3067 explicemus,
896 2992 1052 3050 elidimus:

73 3077 114 3136 sie
128 3079 253 3152 ingenia
267 3077 342 3136 vitio
356 3093 452 3150 prava
467 3076 574 3137 dolore
590 3076 730 3150 eorporis
752 3077 907 3152 animique
928 3074 1052 3149 corrigi·

73 3177 146 3222 mus.
182 3161 301 3234 Nempe
312 3159 450 3220 medicus
466 3157 564 3234 primo
580 3158 609 3217 in
625 3160 743 3220 levibus
758 3161 839 3219 vitiis
854 3165 982 3234 temptat
992 3171 1082 3223 nont

74 3247 196 3312 multum
213 3261 252 3303 ex
269 3243 424 3304 cotidiana
439 3243 662 3303 consuetudine
675 3241 831 3303 inflectere
847 3250 877 3302 et
891 3243 982 3316 cibis,
998 3259 1052 3318 po-

74 3328 221 3402 tionibus,
248 3327 517 3388 exercitationibus
539 3326 676 3390 ordinem
694 3327 843 3401 inponere
863 3342 900 3386 ae
913 3325 1053 3386 valitudi-

22 3405 23 3408 ’
73 3429 135 3472 nem
150 3421 273 3474 tantum
287 3417 404 3472 mutata
418 3413 496 3470 vitae
511 3409 715 3485 dispositione
729 3411 859 3470 firmare.
883 3408 1053 3484 proximum

74 3507 129 3568 est,
155 3505 190 3558 ut
216 3497 333 3556 modus
355 3496 503 3572 proficiat.
537 3495 564 3554 si
584 3495 695 3555 modus
712 3501 743 3555 et
757 3493 832 3554 ordo
848 3509 909 3552 non
923 3488 1052 3570 prolicit,
