2528 3906
263 275 366 335 DIAL.
384 275 422 336 V.
450 275 502 336 DE
518 275 586 336 IRA
599 275 671 336 ills.
687 276 736 336 111.
749 283 871 340 st-cl.
934 305 940 316 .
1019 275 1083 342 109

98 437 232 504 tumque
252 428 335 504 apud
360 429 526 503 plerosque
545 427 641 488 robur
660 427 758 487 cadat.
798 427 944 502 Indignor
962 428 1082 491 meher-

101 514 191 573 cules
207 519 237 572 et
251 529 313 572 non
329 512 451 571 invenio
467 508 592 571 dolendi
604 511 739 584 niodum,
762 511 819 570 scd
833 519 954 588 ternpus
969 529 1082 590 exspe-

8 589 9 666 s
105 596 249 656 otondur'n
270 603 327 656 cst.
361 594 446 654 dabit
465 607 594 668 poenas.
631 610 726 654 serva
744 594 825 654 istud
845 595 875 654 in
897 595 997 656 animo
1018 605 1082 658 tuo.

100 694 173 738 cum
190 677 339 752 potueris,
360 685 391 736 et
406 693 461 752 pro
476 693 564 740 mora
582 677 727 736 reddes.“
756 679 907 752 castigarc
926 695 1001 740 vero
1021 681 1082 740 ira-

100 768 243 821 scentem
259 768 289 821 et
303 762 382 822 rutro
397 759 529 822 obirasci
547 759 674 820 incitare
688 767 745 821 est.
775 761 877 820 Varie
893 763 1081 836 adgredieris
1095 777 1115 830 a

104 845 290 919 blandeque,
310 843 370 904 nisi
385 845 462 904 lorte
480 851 563 904 tanta
584 859 719 918 persona
738 843 807 914 eris,
830 851 863 903 ut
882 846 986 919 possis
1007 848 1082 906 iram

104 927 321 1001 conminuere,
348 927 605 1002 quemadmodum
626 927 696 986 iecit
714 928 804 986 divus
819 930 992 1002 AugustuS,
1013 945 1081 990 cum

105 1016 254 1070 coenaret
268 1010 352 1084 apud
364 1009 497 1069 Vedium
512 1009 688 1070 Pollionem.
718 1012 849 1084 fregerat
868 1029 948 1071 unus
963 1026 1002 1071 cx
1017 1028 1080 1072 ser-

105 1093 154 1154 vis
171 1093 239 1153 eius
254 1091 474 1170 crystallinum.
502 1093 569 1168 rapi
589 1109 657 1155 cum
672 1093 790 1154 Vedius
808 1095 898 1154 iussit
912 1112 951 1154 ne
965 1095 1082 1170 volgari

101 1177 231 1250 quidem
246 1191 333 1236 more
344 1176 521 1250 pariturum.
544 1178 699 1237 muraenis
715 1176 979 1252 obiciiubcbaiur,
1004 1195 1081 1251 quas

101 1259 238 1332 ingentis
254 1259 284 1318 iu
299 1259 419 1334 piscina
434 1260 616 1322 continebat.
661 1259 733 1333 Quis
746 1277 806 1320 non
819 1260 882 1322 ¹hoc
897 1263 980 1322 illum
995 1269 1081 1336 puta-

103 1349 155 1402 ret
166 1341 308 1403 luxuriae
323 1358 418 1403 causa
435 1343 556 1403 lacerat
577 1343 705 1402 saevitia
721 1350 795 1402 erat.
836 1343 943 1404 Evasit
956 1359 974 1402 e
988 1345 1114 1411 mani-3
1207 1391 1210 1407 .

106 1425 166 1485 bus
182 1441 260 1500 puer
274 1432 304 1484 et
318 1427 454 1500 coniugii
465 1426 507 1486 ad
522 1426 662 1486 Caesaris
678 1427 774 1500 pedes
788 1427 860 1486 nihil
877 1428 958 1487 aliud
974 1427 1081 1502 petitu-

104 1525 170 1580 rus,
187 1525 279 1584 quam
294 1516 328 1569 ut
341 1508 428 1569 aliter
443 1511 563 1583 periret,
579 1525 618 1568 ne
633 1524 705 1569 esca
720 1509 816 1570 fieret.
838 1519 948 1577 ¹motus
964 1517 1012 1570 est
1028 1527 1081 1570 no-

104 1592 199 1651 vitate
219 1593 408 1653 crudelitatis
424 1593 537 1654 Caesar
551 1601 580 1653 et
599 1593 682 1652 illum
700 1591 822 1668 quidem
840 1587 933 1668 mitti,
954 1596 1081 1670 crystal-

102 1675 169 1734 lina
183 1683 285 1736 autem
306 1675 409 1736 omnia
420 1693 526 1736 coram
542 1692 576 1737 sc
592 1677 690 1751 irangi
704 1677 794 1737 iussit
814 1679 1014 1752 conplerique
1034 1678 1081 1752 pi-

103 1759 234 1818 scinam.
262 1759 331 1820 Fuit
344 1759 469 1820 Caesari
481 1760 526 1820 sic
540 1759 739 1834 castigandus
755 1761 881 1821 amicus.
911 1762 989 1822 bene
1003 1778 1079 1822 usus
1095 1769 1113 1824 4

101 1849 156 1902 cst
168 1842 285 1902 viribus
300 1843 375 1904 suis.
401 1843 427 1902 E
440 1844 581 1904 convivio
592 1844 660 1918 rapi
674 1841 813 1905 homines
823 1843 957 1919 imperas
969 1853 999 1904 ct
1010 1845 1081 1905 novi

101 1925 229 2000 generis
253 1925 362 2002 poenis
382 1926 550 1988 lancinari?
582 1927 609 1986 si
635 1925 715 1986 calix
729 1934 799 1988 tuus
820 1929 934 1988 inactus
955 1934 1015 1999 est,
1038 1929 1080 1986 vi·

102 2024 198 2069 scara
214 2009 347 2070 hominis
363 2011 588 2071 distrahentur
616 2017 730 2070 tantum
751 2010 805 2071 tibi
819 2010 966 2085 placebis,
991 2019 1021 2069 ut
1040 2011 1081 2070 ibi

103 2093 240 2168 aliquem
262 2093 332 2154 duci
346 2091 464 2168 iubeas
479 2095 531 2154 ubi
547 2093 659 2154 caesar
673 2103 729 2154 est.

165 2176 241 2236 XLI.
263 2175 296 2236 Si
315 2179 363 2238 cui
375 2184 488 2238 tantum
500 2178 655 2252 potentiae
672 2185 728 2248 est
743 2185 777 2238 ut
786 2179 862 2238 iram
877 2193 916 2238 ex
928 2179 1079 2254 superiori
1094 2187 1110 2239 1

102 2261 175 2320 loco
189 2259 317 2334 adgredi
329 2260 437 2336 possit,
451 2263 530 2320 male
541 2267 657 2334 uactet,
680 2269 711 2322 at
721 2263 810 2321 talem
824 2261 988 2336 dumtaxat,
1006 2279 1079 2338 qua-

101 2345 165 2402 lem
179 2344 273 2403 modo
296 2343 399 2415 retuli,
420 2345 530 2418 leram,
551 2345 717 2418 inmanem,
738 2345 978 2419 sanguinariam,
1001 2361 1081 2420 quae

101 2427 164 2485 iam
178 2427 357 2487 insanabilis
371 2435 427 2500 est,
449 2427 508 2487 nisi
528 2428 627 2487 maius
647 2427 763 2503 aliquid
775 2427 920 2487 extimuit.
933 2430 997 2470 ***

166 2507 218 2548 ***
232 2511 457 2586 paoemdernus
468 2512 579 2585 animo,
595 2526 686 2586 quam
701 2509 785 2570 dabit
791 2519 1079 2586 praeceptorumsa·
1095 2519 1112 2571 2

101 2591 246 2654 lutarium
254 2593 385 2654 adsidua
398 2593 554 2655 meditatio
561 2601 709 2668 actusque
723 2609 824 2652 rerum
838 2593 911 2653 boui
925 2602 954 2654 et
968 2594 1081 2653 intenta

100 2691 192 2736 mens
206 2678 247 2737 ad
254 2677 344 2738 unius
350 2677 471 2738 honesti
482 2678 686 2753 cupiditatem.
710 2676 918 2738 Conscientiae
931 2678 1006 2735 satis
1018 2675 1080 2736 liat.

100 2759 146 2819 nil
159 2759 506 2822 inlarnamlaboremusr
521 2767 669 2835 sequatur
680 2761 729 2820 vel
740 2761 828 2830 mala,
843 2760 914 2818 dum
929 2759 1008 2818 bene
1018 2774 1081 2817 me-

100 2844 209 2902 rentis.
237 2848 303 2918 „At
316 2844 427 2919 volgus
440 2846 579 2906 animosa
591 2845 717 2904 mirmur
726 2851 758 2903 et
771 2844 905 2902 audaces
920 2843 950 2902 in
966 2843 1082 2902 honore
1095 2851 1114 2906 il

101 2933 185 3000 sunt,
206 2926 322 3002 placidi
335 2943 393 3002 pro
408 2926 556 2988 inertibus
569 2927 748 2988 habentur.“
775 2925 872 3002 primo
885 2927 1011 2988 forsitan
1026 2927 1079 2986 ad·

100 3015 224 3086 spectu.
254 3011 312 3071 sed
324 3011 414 3072 simul
428 3011 597 3088 aequalitas
611 3012 693 3072 vitae
706 3011 799 3070 iidem
815 3012 886 3070 iecit
897 3027 958 3072 non
968 3010 1078 3084 ,segni-

100 3095 174 3154 tiem
190 3092 273 3154 illam
288 3094 380 3154 animi
400 3110 481 3168 esse,
501 3096 558 3155 scd
574 3111 691 3170 paoem,
712 3093 874 3153 veneratur
895 3095 964 3154 illos
978 3110 1079 3168 popu·
1118 3113 1121 3118 ·

100 3180 152 3238 lus
166 3176 249 3237 idem
265 3177 408 3254 colitque.
450 3178 530 3238 Nihil
547 3195 620 3254 ergo
635 3179 727 3238 habet
746 3179 776 3239 in
792 3193 827 3238 se
842 3178 914 3237 utile
928 3185 1004 3237 teter
1023 3177 1112 3236 istel

101 3268 137 3320 et
149 3259 270 3322 hostilis
283 3261 432 3334 adiectus,
456 3270 488 3323 at
501 3262 603 3323 omnia
624 3278 663 3320 ex
683 3261 836 3320 contrario
857 3261 944 3333 mala,
966 3260 1080 3318 serrum

100 3344 243 3419 etignes.
264 3345 384 3420 pudore
392 3347 509 3407 calcato
517 3345 663 3406 caedibus
673 3343 843 3420 inquinavit
853 3359 970 3418 manus,
985 3357 1080 3402 mern-

100 3429 160 3486 bra
176 3427 342 3490 liberorum
356 3429 512 3506 dispersit.
548 3429 620 3488 nihil
637 3443 767 3489 vacuum
783 3427 905 3502 reliquit
918 3441 937 3484 a
951 3425 1078 3494 scelere,
