2554 3888
147 232 202 294 AD
215 229 413 293 POLYBIUM
423 231 475 291 DE
487 229 786 293 CONSOLATIONE.
801 240 920 296 14-16.
929 237 996 306 [bb]
1016 229 1082 294 233

105 394 137 447 et
158 380 300 460 graviore
318 385 411 444 multo
434 383 527 443 animi
548 386 672 445 volnere
693 399 784 458 quam
805 390 916 459 postea
939 383 1079 460 corporis

103 470 183 529 ictus
195 476 257 528 ast:
278 467 361 542 quod
374 475 536 542 utrumqne
547 467 686 542 piissime
696 467 778 527 idem
787 474 818 528 et
826 467 992 529 fortissime
1003 468 1080 529 tulit

105 552 221 614 caesar
231 558 359 626 patruus
370 566 458 612 meus
469 551 602 612 Drusum
611 551 833 626 Germanicum,
845 559 1078 627 patremmeum,
1091 558 1108 611 5

105 637 254 696 minorem
271 642 359 708 natu,
385 651 476 710 quam
490 633 559 709 ipse
573 642 653 709 erat,
679 637 817 709 tratrem,
838 635 942 696 intima
956 635 1082 694 Germa·

104 719 175 780 niae
186 719 393 778 recludentem
405 725 552 793 algentes
565 719 772 779 ferocissimas
780 719 918 780 Romano
927 718 1079 780 subicien-

105 811 168 864 tem
182 803 310 878 imperio
321 801 354 862 in
364 803 519 877 conplexu
530 809 560 862 et
570 799 602 860 in
613 803 728 864 osculis
741 802 806 864 suis
819 803 933 863 amisit=
954 802 1084 862 modum

104 894 207 948 tamen
227 887 351 961 lugendi
369 902 432 947 nou
453 885 512 946 sibi
532 891 661 960 tantum,
688 887 744 947 sed
765 887 855 947 etiam
876 886 943 946 aliis
958 885 1031 946 lecit
1043 900 1084 945 ac

104 978 201 1032 totum
220 971 388 1033 exereitum
407 985 469 1030 non
484 971 583 1030 solum
598 977 764 1045 moestum,
785 970 946 1032 sedetiam
961 967 1083 1030 adtoni-

105 1062 169 1115 tum
185 1069 302 1129 corpus
311 1054 403 1114 Drusi
417 1054 465 1114 sni
479 1052 538 1114 sibi
553 1053 758 1115 vindicantem
772 1056 812 1115 ad
823 1070 940 1115 morem
949 1052 1080 1114 Romani

105 1139 206 1199 luctus
221 1137 340 1212 redegit
353 1138 560 1212 iudicavitque
573 1153 636 1197 non
649 1137 797 1199 militandi
811 1145 927 1198 tanturn
943 1136 1082 1211 discipli·

106 1237 177 1282 nam
192 1235 264 1281 esse
279 1221 476 1296 servandam,
497 1222 554 1282 sed
569 1222 657 1281 etiam
674 1221 807 1283 dolendi.
844 1222 912 1282 Non
927 1221 1082 1296 potuisset

105 1304 156 1364 ille
177 1305 318 1365 lacrimas
339 1305 455 1366 alienas
478 1319 687 1381 conpescere,
712 1305 771 1365 nisi
798 1305 886 1381 prius
909 1303 1084 1380 pressisset.

107 1403 191 1449 suas.

167 1473 248 1532 XVI.
271 1478 337 1546 [ot-1
357 1471 397 1532 lli.
412 1472 580 1544 Antonius,
597 1489 673 1534 avus
688 1489 791 1545 meus,
810 1475 894 1534 nullo
908 1473 1007 1531 minor
1020 1467 1108 1530 nisil

107 1572 160 1632 eo,
175 1573 195 1616 a
209 1573 271 1632 quo
286 1557 385 1616 victus
400 1563 463 1631 est,
477 1565 550 1618 tunc
564 1573 632 1618 cum
646 1557 867 1633 rempublicam
882 1555 1083 1617 constitueret

107 1649 136 1700 et
155 1639 334 1701 triumvirali
353 1647 505 1716 potestate
527 1642 682 1716 praeditus
703 1641 777 1703 nihil
793 1656 938 1716 superse
954 1639 1079 1711 videret,

107 1723 245 1799 exceptis
268 1739 342 1784 vcro
363 1725 485 1784 duobus
507 1725 632 1799 collegis
654 1725 755 1784 omnia
775 1724 855 1784 inira
876 1729 1077 1794 secerneret,

107 1808 229 1868 fratrem
243 1808 435 1868 interiectum
445 1809 569 1869 audivit.
597 1808 734 1870 Fortuna
745 1808 905 1882 inpotens,
921 1807 1029 1882 quales
1041 1812 1113 1866 ext

106 1890 247 1952 humanis
266 1892 354 1951 malis
377 1891 429 1952 tibi
451 1891 521 1968 ipsa
541 1892 634 1952 ludos
657 1891 750 1952 lacis!
780 1907 817 1952 eo
840 1893 910 1966 ipso
931 1899 1090 1964 tempore,

108 1992 168 2050 quo
183 1975 224 2034 M.
236 1975 389 2036 Antonius
404 1973 515 2036 civitun
530 1992 657 2036 suorum
670 1975 751 2034 vitae
767 1975 897 2036 sedebat
912 1973 1081 2046 mortisque

107 2059 235 2132 arbiter,
263 2059 304 2117 Μ.
318 2059 444 2121 Antonii
458 2059 550 2120 irater
564 2059 636 2120 duci
648 2059 809 2120 iubebatur
823 2059 863 2118 ad
879 2055 1079 2132 suppliciunt

106 2143 172 2204 tulit
182 2142 242 2204 boc
250 2149 350 2202 tamen
361 2151 422 2203 tam
433 2143 518 2204 triste
529 2145 640 2204 volnus
653 2143 760 2203 eadem
773 2140 981 2217 magnitudine
988 2135 1081 2198 animi

108 2225 158 2298 [Μ.
170 2227 353 2300 AntoniusJ,
374 2243 436 2301 qua
450 2228 551 2288 omnia
564 2229 624 2287 alia
637 2228 772 2288 adversa
785 2227 970 2287 toleraverat
980 2229 1011 2282 et
1020 2222 1082 2282 hoc

107 2310 162 2370 init
182 2309 249 2370 eius
269 2311 374 2384 lugere
395 2310 501 2385 viginti
520 2312 674 2386 legionum
695 2309 845 2386 sanguine
866 2308 950 2368 lratri
970 2322 1080 2381 paren-

106 2401 179 2452 tare.
210 2392 275 2452 Sed
293 2402 327 2455 ut
348 2395 449 2454 omnia
469 2395 529 2454 alia
548 2397 690 2469 exempla
710 2401 913 2469 praeteream,
938 2397 971 2452 ut
986 2391 1017 2450 in
1031 2403 1112 2457 mos

107 2491 234 2551 quoque
253 2475 324 2552 ipso
346 2478 405 2538 alia
424 2485 542 2538 taceam
564 2480 686 2548 funem,
709 2478 758 2537 bis
779 2492 828 2536 me
849 2477 982 2536 iraterno
998 2474 1080 2533 luctu

106 2560 258 2634 adgressa
272 2560 394 2622 fortuna
408 2568 470 2636 est,
490 2561 540 2622 bis
553 2561 700 2622 intellexit
713 2561 794 2620 laedi
808 2574 857 2618 me
871 2573 983 2634 posse,
999 2555 1081 2616 vinci

105 2659 169 2704 non
183 2659 295 2718 posset
322 2645 411 2705 amisi
426 2645 637 2706 Germanicum
656 2647 793 2717 matrem,
816 2659 908 2718 quem
923 2639 1080 2716 quomodo

11 2731 12 2746 ³
106 2727 287 2801 amaverim,
301 2729 446 2804 intellegit
460 2731 599 2804 prolecto
615 2729 759 2805 quisquis
773 2727 900 2803 cogitat,
922 2723 1081 2799 quomodo

106 2827 183 2872 suos
198 2811 307 2874 iratres
324 2813 365 2888 pii
380 2813 488 2873 iratres
504 2820 615 2874 ament.
644 2814 689 2874 sic
704 2819 805 2873 tamen
816 2811 968 2871 adlectum
979 2823 1081 2868 meum

83 2973 85 2978 Ι
105 2893 188 2969 rexi,
209 2903 243 2956 ut
263 2912 320 2956 nac
340 2896 543 2971 relinquerem
560 2898 738 2972 quicquam,
759 2895 844 2971 quod
858 2894 939 2969 exigi
949 2891 1084 2952 'deberet

105 2979 221 3039 abono
243 2979 349 3054 fratre,
371 2995 429 3040 nec
450 2981 596 3056 iacerem,
621 2981 704 3056 qnod
722 2977 906 3055 reprehendi
927 2981 1036 3052 posset
1049 2975 1080 3033 in

106 3063 277 3138 principo.“

169 3147 255 3207 Haec
270 3161 344 3222 ergo
358 3155 434 3224 puta
447 3149 500 3209 tibi
516 3156 673 3224 parantem
686 3147 841 3223 publicum
852 3145 967 3205 reterre
978 3139 1110 3208 erdem-o

105 3232 174 3306 pla,
195 3231 338 3291 cumdem
351 3234 531 3307 ostendere,
549 3249 640 3308 quam
654 3233 728 3291 nibil
740 3246 863 3291 sacrum
873 3229 1080 3303 intactumque

106 3315 147 3375 sit
161 3313 330 3390 Fortunae,
351 3333 432 3392 quae
453 3332 491 3377 ex
513 3318 560 3376 eis
573 3316 735 3392 penatibus
750 3331 827 3376 ausa
841 3322 889 3375 est
903 3313 1010 3373 funera
1025 3311 1080 3370 du-

107 3413 193 3472 cere,
214 3399 381 3473 exquibus
397 3401 554 3461 eratdeos
571 3401 710 3474 petitura.
736 3415 826 3459 nemo
841 3399 946 3473 itaque
957 3397 1084 3456 miretur

105 3481 224 3560 aliquid
238 3481 276 3542 ab
292 3483 344 3542 illa
358 3491 410 3546 aut
425 3485 585 3544 crudeliter
599 3483 665 3543 lieri
679 3489 732 3544 aut
744 3483 858 3559 inique.
887 3486 991 3556 potest
1001 3477 1082 3538 enim
