2554 3888
275 206 809 303 nurnnuoummrarunmm.
831 242 949 295 ia-n.
1037 235 1094 297 tat

121 396 190 439 uem
213 379 351 438 dicamus
372 378 523 438 accidere.
553 395 614 438 non
636 379 719 438 illum
735 380 858 441 casibus
873 383 1028 444 hominum
1044 401 1095 444 ex-

121 464 309 540 ce[r]pimuS,
325 463 382 524 sed
397 461 562 536 erroribus,
579 477 636 521 nec
651 462 693 522 illi
707 465 857 525 omniaut
869 467 963 527 voluit
974 469 1095 544 cedunt,

121 549 178 608 sed
204 555 236 606 ut
262 545 414 620 cogitavit.
448 545 585 621 inprimis
611 553 712 606 autem
737 549 881 623 cogitavit
902 551 984 610 aliud
1001 568 1096 626 posse

8 683 9 686 ,
122 629 292 706 propositis
307 629 537 689 suisresistere.
559 645 690 691 necesse
701 639 748 692 est
760 640 860 692 autem
871 633 970 694 levius
982 636 1021 694 ad
1031 637 1094 696 ani-

119 731 202 774 mum
228 713 388 790 pervenire
413 713 576 775 destitutae
592 714 765 790 cupiditatis
781 715 934 792 dolorem,
962 719 1009 778 aui
1025 735 1095 780 suc·

7 833 9 870 l
120 815 244 859 cessum
257 815 318 872 non
333 797 438 871 utique
450 796 639 872 promiseris.

180 883 259 942 XIV.
280 881 435 940 Faciles
456 882 568 941 etiam
590 897 660 941 nos
682 883 1025 958 laceredebemus,
1051 901 1126 956 nei

119 967 233 1025 nimis
263 963 476 1032 destinatis
502 963 619 1026 rebus
646 967 932 1042 indulgeamus,
958 975 1095 1030 transea-

118 1065 251 1124 musque
272 1049 301 1108 in
325 1065 377 1122 ea,
403 1049 433 1107 in
450 1065 529 1124 quae
544 1065 602 1110 nos
618 1065 710 1110 casus
725 1051 900 1124 deduxerit,
913 1067 983 1112 ,nec
998 1059 1094 1113 muta-

116 1135 202 1194 tione
227 1141 280 1193 aut
304 1131 423 1192 consilii
448 1141 500 1193 aut
524 1140 620 1194 status
636 1134 902 1208 pertimescamus,
928 1136 1094 1197 dummodo

117 1217 320 1289 noelevims,
344 1216 586 1278 inimicissimum
609 1217 702 1293 quieti
723 1217 842 1292 vitium,
869 1235 930 1279 non
953 1221 1095 1296 excipiat.

117 1319 186 1360 nam
203 1309 234 1360 et
251 1299 415 1375 pertinacia
430 1316 561 1361 necesse
577 1308 625 1361 est
638 1300 731 1361 anxia
745 1310 775 1362 et
788 1301 901 1362 misera
911 1303 958 1374 sit,
972 1304 1021 1362 cui
1033 1305 1093 1364 lor-

117 1393 191 1445 tuna
216 1400 312 1460 saepe
337 1383 453 1458 aliquid
477 1393 653 1460 extorquet,
678 1392 708 1446 et
733 1385 842 1446 levitas
863 1387 957 1446 multo
972 1387 1094 1461 gravior

116 1485 269 1542 nusquam
285 1484 319 1530 se
334 1469 503 1529 continens.
525 1471 694 1544 Utrumque
708 1470 851 1530 infestum
865 1476 913 1530 est
926 1471 1093 1545 tranquilli-

118 1555 185 1626 tati,
202 1559 233 1612 et
246 1553 319 1611 nihil
334 1559 450 1612 mutare
464 1569 560 1628 posse
575 1562 604 1614 et
618 1553 691 1613 nihil
703 1553 776 1628 pati.
798 1554 909 1628 Utique
925 1554 1043 1614 animus
1056 1554 1092 1613 ab
1108 1567 1125 1618 2

118 1636 262 1696 omnibus
277 1637 411 1696 extemis
427 1638 456 1696 in
475 1653 510 1697 se
524 1637 720 1699 revocandus
737 1643 798 1697 est=
813 1638 872 1697 sibi
888 1637 1036 1712 confidat,
1058 1654 1092 1697 se

116 1721 264 1796 gaudeat,
281 1720 338 1780 sua
351 1721 514 1795 suspiciat,
530 1723 663 1794 recedat,
681 1730 827 1795 quantum
843 1728 953 1796 potest,
968 1721 1006 1781 ab
1021 1722 1091 1780 alie·
1197 1719 1200 1724 '

116 1805 164 1863 nis
180 1811 260 1863 etse
275 1805 334 1864 sibi
350 1805 495 1879 adplicet,
517 1806 628 1864 damna
642 1821 703 1865 non
719 1805 841 1877 sentiat,
857 1806 946 1864 etiam
962 1805 1093 1864 adversa

116 1889 249 1962 benigne
264 1886 487 1963 interpretetur.
522 1888 663 1948 Nuntiato
678 1887 836 1962 naufragio
851 1888 956 1946 Zenon
973 1895 1091 1962 noster,
1107 1899 1124 1952 3

117 1988 187 2032 cum
204 1973 307 2031 omnia
322 1988 378 2032 sua
393 1973 512 2032 audiret
526 1973 700 2032 submersa=
717 1972 829 2045 „iubet
846 1971 952 2046 inquit,
966 1987 1016 2030 me
1031 1973 1091 2030 lor-

117 2064 190 2115 tuna
206 2055 379 2130 expeditius
394 2056 615 2132 philosophari.
624 2061 642 2089 “
664 2056 835 2116 Minabatur
849 2055 1010 2116 Theodoro
1028 2054 1092 2130 phi-

116 2139 249 2214 losopho
264 2147 414 2218 tyrannus
428 2146 555 2201 mortem
568 2139 733 2215 etquidem
747 2141 946 2215 insepultam:
961 2137 1092 2214 „habes

116 2225 224 2297 inquit,
242 2240 297 2284 cur
312 2223 364 2285 tibi
376 2225 511 2298 placeas.
533 2223 655 2284 hemina
667 2224 824 2299 sanguinis
835 2225 865 2282 in
878 2231 931 2284 tua
941 2229 1093 2299 potestate

117 2315 181 2368 est:
206 2323 275 2366 nam
288 2309 371 2382 quod
386 2309 425 2367 ad
441 2308 629 2383 sepulturam
644 2308 788 2383 pertinet,
815 2325 833 2368 ο
849 2316 878 2368 te
893 2309 1044 2384 ineptum,
1066 2307 1093 2365 si

117 2400 209 2465 putas
223 2407 292 2452 mea
306 2392 472 2466 interesse,
498 2408 593 2468 supra
607 2399 718 2452 terram
733 2408 771 2452 an
786 2393 865 2450 inira
880 2399 1063 2466 putrescam.
1075 2394 1091 2421 “

114 2475 224 2535 Kanus
238 2475 348 2552 ladius,
362 2476 410 2535 vir
423 2475 561 2551 inprimis
578 2491 723 2550 magnus,
745 2475 833 2536 cuius
848 2473 1039 2535 admirationi
1054 2487 1092 2530 ne
1107 2487 1124 2540 4

116 2559 176 2619 ltoc
197 2561 319 2635 quidem
340 2560 455 2635 obstat,
482 2561 566 2634 quod
587 2567 693 2620 nostro
709 2560 814 2619 seculo
830 2564 996 2631 natusest,
1022 2571 1092 2615 cum

11 2707 12 2720 ,
38 2685 40 2690 .
116 2641 191 2704 Caio
207 2643 261 2704 diu
274 2645 453 2719 altercatus,
470 2643 635 2718 postquam
649 2642 773 2702 abeunti
788 2642 922 2714 Phalaris
935 2641 985 2699 ille
1000 2638 1090 2698 dixit:

114 2745 153 2787 rte
177 2728 260 2800 sorte
279 2730 380 2804 inepta
399 2747 453 2805 spe
472 2729 526 2788 troi
538 2729 717 2801 blandiaris,
734 2728 805 2786 daci
817 2733 844 2786 tc
858 2728 945 2785 iussi:
964 2725 1090 2794 malias,

115 2811 315 2888 inquianpo,
330 2817 438 2888 optime
446 2815 601 2888 princeps.
624 2811 701 2885 Quid
717 2809 850 2870 senserit
865 2809 979 2870 dubito.
1000 2807 1092 2866 multa
1106 2821 1122 2874 5

116 2894 197 2954 enim
213 2895 286 2956 milii
301 2903 479 2958 occurrunt:
496 2895 737 2956 contumeliosus
752 2909 823 2954 esse
837 2893 933 2952 voluit
948 2898 977 2950 et
988 2897 1089 2950 osten·

12 2997 13 3006 ¹
116 2978 206 3050 dere,
234 2989 348 3055 quanta
369 2980 531 3040 crudelitas
554 2986 654 3054 esset,
680 2978 710 3036 in
731 2995 792 3052 qua
811 2992 894 3036 mors
909 2973 1090 3034 beneficium
1139 3001 1144 3010 κ

117 3069 202 3122 erati
223 3079 262 3122 au
276 3064 473 3140 exprobravit
486 3063 528 3122 illi
544 3063 727 3123 cotidianam
742 3059 947 3122 dementiam?
961 3057 1092 3131 agebant

117 3146 197 3204 enim
220 3148 333 3222 gratias
347 3155 379 3209 et
393 3163 523 3222 quorum
540 3147 626 3206 liberi
642 3145 737 3206 occisi
752 3153 927 3220 etquenam
944 3143 1024 3202 bona
1039 3141 1091 3200 ab·

115 3229 177 3290 lata
192 3238 288 3291 erant
308 3248 346 3292 an
361 3239 514 3307 tamquam
528 3231 696 3290 libertatem
711 3228 838 3289 libenter
852 3227 991 3304 accepit?
1007 3226 1090 3300 quic-

118 3314 192 3388 quid
208 3321 270 3388 est,
285 3332 395 3391 magno
410 3317 511 3376 animo
526 3312 696 3390 respondit.
718 3313 805 3373 Dicet
819 3312 945 3388 aliquis:
967 3356 985 3383 ,‚
996 3309 1092 3385 potuit
1105 3315 1122 3370 6

115 3405 189 3471 post
204 3398 264 3458 hoc
278 3400 383 3459 iubere
397 3401 479 3460 illum
497 3399 586 3458 Caius
601 3398 714 3458 vivere.
724 3401 741 3430 ‘⁴
763 3397 830 3458 Non
845 3397 943 3456 timuit
958 3395 1016 3453 hoc
1028 3391 1091 3450 Ka-

116 3497 185 3542 nus.
208 3489 281 3543 nota
293 3489 357 3544 erat
368 3483 431 3543 Caii
442 3485 472 3543 in
483 3483 594 3543 talibus
606 3480 740 3557 imperiis
750 3481 838 3541 fides.
855 3481 994 3540 credisne
1007 3475 1089 3534 illum
