2554 3888
219 246 279 310 196
301 249 334 307 L.
343 245 487 307 ΑΝΝΑΕΙ
496 245 670 306 SENECAE
682 244 780 304 [ΗΑΒ.
791 245 836 304 lX.
845 244 896 304 DE
903 201 1115 318 TRANQnN.
1130 253 1169 308 ll.
1264 199 1265 242 3

218 401 286 460 loeo
303 399 350 458 sit.
374 399 448 458 etin
465 395 721 458 ambulationibus
737 397 852 470 apertis
865 397 1048 470 vagandum,
1061 406 1094 458 ut
1106 400 1194 458 coelo

217 483 313 543 ¹libero
329 489 359 542 et
373 483 467 542 multo
483 481 592 556 spiritu
610 487 722 554 augeat
735 481 922 554 adtollatque
937 496 973 540 se
987 479 1118 540 animus.
1141 481 1194 540 ali-

218 567 341 642 quando
363 567 492 627 vectatio
514 566 631 639 iterque
654 571 684 624 et
698 570 812 624 mutata
826 565 911 638 regio
927 563 1063 638 vigorem
1079 563 1194 624 dabunt

217 650 439 724 convictusque
465 657 494 709 et
508 648 662 708 liberalior
676 648 771 723 potio.
803 663 1032 723 nonnumquam
1049 655 1078 708 et
1093 663 1193 722 usque

217 735 257 794 ad
272 734 448 794 ebrietatem
463 733 663 805 veniendum,
680 749 742 792 non
756 739 789 792 ut
802 739 919 806 mergat
932 748 1006 805 noe,
1022 732 1080 791 sed
1095 740 1126 791 ut
1141 733 1191 791 de-

216 817 335 894 primat.
370 817 442 877 eluit
462 817 543 876 enirn
564 832 655 876 curas
678 823 708 876 el
722 815 760 876 ab
776 816 835 876 imo
853 816 985 874 animum
1000 823 1103 876 movet
1117 823 1147 875 et
1161 825 1193 876 ut

206 899 333 962 ¹morbis
347 900 532 975 quibusdam
547 900 587 960 ita
601 901 738 960 tristitiae
753 900 900 958 medetur.
929 899 1116 974 Liberque
1131 916 1191 959 non

131 1024 136 1032 -
217 986 256 1046 ob
277 984 428 1044 licentiam
450 984 572 1058 linguae
593 984 692 1050 dictus
715 990 762 1044 est
782 983 923 1042 inventor
944 981 1020 1054 vini,
1050 983 1106 1042 sed
1122 985 1193 1058 quia

216 1068 325 1128 liberat
341 1067 466 1128 servitio
484 1083 624 1128 curarum
640 1066 773 1126 animum
788 1073 818 1127 et
833 1067 949 1127 adserit
964 1073 1148 1141 vegetatque
1163 1075 1193 1126 et

188 1150 413 1216 daudaeiorem
432 1151 463 1210 in
485 1166 592 1210 omnes
608 1157 736 1211 conatus
753 1151 832 1210 facit.
866 1149 928 1232 Sed
943 1155 977 1210 ul
990 1150 1136 1210 libertatis
1152 1151 1192 1210 ita

216 1235 278 1296 vini
297 1236 428 1296 salubris
443 1235 611 1294 moderatio
628 1242 684 1294 est.
718 1233 861 1294 Solonem
877 1233 1131 1309 Arcesilaumque
1146 1235 1183 1308 in

218 1319 352 1380 dulsisse
367 1321 438 1379 vino
456 1318 592 1378 eredunt.
627 1319 731 1380 Catoni
747 1317 877 1377 ebrietas
894 1317 1013 1377 obiecta
1028 1325 1083 1376 est.
1119 1317 1192 1378 laci-

216 1404 275 1463 lius
302 1403 427 1477 alliciet,
454 1403 595 1476 quisquis
621 1401 780 1473 obiecerit,
805 1401 864 1460 hoc
890 1401 1003 1460 crimen
1028 1401 1191 1462 honestum

155 1503 176 1549 r
218 1503 307 1562 quam
321 1493 441 1561 turpem
454 1486 606 1544 Catonem.
629 1485 692 1545 Sed
706 1501 764 1545 nec
778 1500 874 1559 saepe
889 1485 1060 1544 laciendum
1075 1493 1136 1560 est,
1152 1503 1192 1546 ne

216 1571 336 1629 animus
351 1571 459 1628 malam
475 1569 728 1629 consuetudinem
744 1569 849 1641 ducat,
866 1577 896 1628 et
909 1569 1075 1644 aliquando
1090 1577 1191 1630 tamen

216 1653 246 1712 in
262 1653 492 1712 exsultationem
509 1653 738 1728 libertatemque
753 1653 959 1712 extrahendus
972 1653 1129 1728 tristisque
1139 1670 1189 1714 so·

177 1736 329 1796 tobrietas
355 1736 542 1796 removenda
562 1737 729 1812 paulisper.
762 1737 837 1796 Nam
859 1737 926 1797 sive
941 1737 1058 1796 Graeco
1080 1745 1192 1812 poetae

216 1819 384 1880 credimus=
410 1820 602 1895 „aliquando
624 1827 654 1881 et
674 1821 807 1884 insanire
829 1821 995 1880 iucundum
1010 1825 1099 1895 est,“
1125 1823 1191 1880 sive

215 1904 347 1966 Platoni:
363 1950 380 1978 ‚,
391 1905 503 1965 trustra
517 1906 656 1980 poeticas
672 1906 754 1966 iores
770 1919 888 1980 conpos
904 1905 951 1964 sni
963 1905 1109 1980 pepulil,“
1124 1907 1191 1965 sive

216 1988 390 2050 Aristoteli=
416 1990 556 2062 „nullum
579 2005 721 2062 magnum
738 1987 893 2062 ingenium
909 1987 979 2048 sine
989 1989 1121 2050 mixtura
1136 1989 1188 2048 de-

217 2073 346 2132 mentiae
362 2071 425 2130 luit.
435 2075 452 2104 “
474 2089 536 2131 non
551 2079 652 2147 potest
664 2073 779 2148 grande
796 2072 912 2147 aliquid
922 2079 952 2131 et
962 2087 1057 2148 super
1069 2080 1189 2134 eeteros

176 2156 299 2229 llloqui
311 2154 369 2213 nisi
380 2161 564 2215 motamens.
587 2171 654 2214 eum
664 2155 838 2230 volgariaet
850 2155 939 2216 solita
950 2155 1134 2231 contempsit
1145 2158 1189 2215 in-

216 2239 390 2312 stinctuque
404 2253 494 2297 sacro
511 2239 642 2298 surrexit
656 2241 822 2313 excelsior,
847 2247 919 2300 tnnc
935 2239 1057 2301 demum
1072 2239 1188 2314 aliquid

216 2322 327 2382 cecinit
348 2321 506 2395 grandius.
521 2338 575 2383 ore
597 2325 724 2384 mortali.
758 2341 819 2384 non
839 2330 943 2399 potest
959 2323 1088 2384 sublime
1103 2325 1189 2398 quic-

217 2421 307 2480 quam
323 2413 353 2465 et
366 2406 396 2464 in
412 2406 509 2466 arduo
526 2407 659 2481 positum
674 2407 865 2484 contingere,
889 2407 1035 2482 quamdiu
1050 2408 1135 2483 apud
1154 2425 1190 2467 se
1264 2423 1265 2478 r

215 2496 276 2549 est:
293 2489 446 2549 desciscat
461 2497 582 2565 oportet
596 2507 615 2550 a
629 2493 718 2552 solito
734 2499 764 2552 et
779 2491 923 2552 elieratur
934 2498 965 2551 et
975 2492 1115 2552 mordeat
1129 2492 1188 2550 ire·
1264 2485 1265 2552 l

214 2590 272 2634 nos
296 2581 326 2633 et
346 2581 495 2633 rectorem
510 2575 608 2650 rapiat
622 2591 711 2636 suum
726 2591 826 2652 eoque
841 2576 932 2650 ferat,
955 2591 1017 2650 quo
1032 2591 1088 2651 per
1102 2590 1138 2635 se
1153 2577 1189 2634 ti·
1264 2587 1265 2660 ᾗ

214 2658 533 2720 muisseteseendere.
1146 2694 1152 2698 -

175 2749 208 2800 12
250 2800 252 2802 ,
273 2741 385 2814 Habes,
404 2739 519 2801 Serene
535 2741 702 2816 carissime,
717 2759 797 2818 quae
809 2743 929 2818 possint
939 2743 1188 2818 tranquillitatem

213 2825 299 2898 tueri,
316 2839 394 2898 quae
410 2827 578 2900 restituere,
595 2843 674 2902 qnae
690 2825 925 2902 subrepentibus
939 2825 1187 2888 vitiisresistant=
1264 2881 1265 2896 ,

213 2909 285 2970 illud
301 2915 401 2967 tamen
417 2908 509 2982 seito,
526 2910 598 2969 nibil
614 2909 723 2970 horum
740 2909 814 2971 satis
829 2926 900 2972 esse
914 2909 1049 2970 validum
1064 2927 1130 2971 rem
1141 2912 1186 2970 in-

212 2993 350 3052 becillam
377 2992 588 3067 servantibus,
614 2995 674 3054 nisi
694 2994 809 3055 intenta
829 3001 859 3055 et
881 2993 1012 3054 adsidua
1032 3009 1105 3054 eura
1129 2995 1186 3054 cir-

213 3075 304 3135 cumit
317 3075 448 3135 animum
464 3076 622 3137 labentem.
