2554 3888
297 257 348 318 DE
360 258 580 319 Battvrrnrlt
595 259 724 320 VITAE.
748 268 867 324 18-20.
1005 263 1068 328 217

9 451 10 460 η
88 425 193 474 rerum
209 410 307 485 quies.
331 408 469 469 Omnium
485 409 609 484 quidem
624 419 845 486 occupatorum
860 414 1000 475 condicio
1013 415 1099 478 mis

91 509 164 554 sera
178 501 241 568 est,
256 508 361 554 eorum
376 501 477 552 tamen
492 493 677 566 miserrima,
694 495 745 568 qui
757 511 796 555 ne
809 497 874 556 suis
888 497 1011 572 quidem
1023 499 1065 558 la·

90 579 201 638 borant
215 572 483 652 occupationibus,
498 577 537 636 ad
549 577 680 636 alienum
691 579 845 640 dormiunt
855 597 1010 655 somnum,
1027 583 1067 640 ad

91 662 231 721 alienum·
239 661 394 722 ambulant
408 661 551 734 gradum,
567 676 669 720 amare
683 667 714 720 et
731 663 852 738 odisse,
866 679 918 724 res
932 665 1067 725 omnium

91 744 272 818 liberrimaS,
288 743 438 804 iubentur.
458 744 489 802 hi
505 744 531 804 si
546 746 649 804 volent
664 746 744 805 scire
755 761 852 821 ¹quam
867 747 969 807 brevis
982 749 1066 822 ipso-

90 844 159 888 rum
175 827 237 886 vita
251 829 305 903 sit,
322 829 455 903 cogitent
470 844 509 888 ex
525 834 618 902 quota
633 836 719 902 parte
736 830 856 891 suasit.
1081 900 1084 909 s

154 911 217 970 XX.
251 911 325 972 Cum
344 911 458 970 videris
479 913 582 986 itaque
598 920 785 986 praetextam
800 929 896 988 saepe
911 913 969 973 iarn
986 919 1096 974 sum-t

92 1002 192 1070 ptam,
208 1011 277 1054 cum
292 996 412 1054 celebre
426 996 456 1054 in
472 996 538 1056 soro
554 1011 674 1068 nomen,
692 1013 752 1056 non
768 997 930 1056 invideris:
949 997 1009 1056 ista
1023 998 1067 1056 vi-

92 1086 142 1138 tae
164 1077 276 1138 damno
296 1085 450 1153 parantur.
482 1085 515 1139 ut
534 1095 614 1138 unus
635 1079 675 1138 ab
694 1080 754 1140 illis
770 1086 944 1140 numeretur
957 1095 1067 1156 annus,

93 1163 193 1220 ornnis
208 1178 307 1222 annos
323 1178 398 1222 suos
414 1170 579 1222 conterent.
603 1161 755 1236 quosdam
767 1171 846 1237 ante,
863 1180 932 1222 cum
942 1162 973 1222 in
986 1180 1067 1224 sum·

93 1261 175 1304 mum
197 1245 370 1306 ambitionis
391 1245 591 1320 eniterentur,
614 1245 692 1306 inter
711 1247 810 1321 prima
823 1247 965 1306 luctantis
981 1255 1066 1308 aetas

92 1329 225 1404 reliquit.
248 1330 399 1404 quosdam
414 1345 483 1390 curn
497 1330 527 1388 in
540 1328 833 1390 consummationem
845 1331 999 1404 dignitatis
1013 1347 1068 1404 per

93 1413 176 1472 mille
199 1413 393 1487 indignitates
415 1413 602 1488 erupissent,
628 1412 741 1472 misera
763 1414 844 1473 subit
866 1413 1009 1487 cogitatio
1024 1415 1067 1472 la·

92 1498 224 1557 borasse
239 1495 326 1570 ipsos
340 1497 370 1555 in
387 1497 503 1556 titulum
518 1498 661 1572 sepulcri.
685 1498 886 1572 quorumdam
899 1497 1003 1557 ultima
1019 1513 1067 1556 se-

94 1587 219 1654 nectus,
245 1581 316 1640 dum
338 1579 367 1638 in
390 1597 577 1654 novas-spes
594 1587 626 1640 ut
640 1581 763 1640 iuventa
779 1581 965 1654 disponitur,
991 1581 1069 1640 inter

95 1672 225 1724 conatus
241 1679 368 1737 magnos
382 1671 413 1724 et
423 1664 570 1738 inprobos
582 1663 717 1724 invalida
728 1665 848 1724 deiecit.
869 1663 991 1723 Foedus
1008 1665 1104 1737 illex

94 1763 186 1822 quern
211 1747 241 1805 in
268 1746 380 1825 iudicio
402 1764 459 1822 pro
481 1745 681 1821 ignotissimis
701 1747 903 1821 litigatoribus
920 1748 1068 1821 grandem

93 1839 167 1891 natu
182 1837 212 1890 et
225 1831 373 1905 inperitae
389 1846 523 1892 coronae
537 1831 740 1890 adsensiones
756 1837 927 1905 captantem
941 1831 1068 1905 spiritus

93 1915 189 1989 liquit.
224 1915 320 1988 turpis
340 1915 406 1988 ille,
432 1915 485 1990 qui
507 1914 638 1973 vivendo
653 1915 755 1974 lassus
772 1912 861 1974 citius
877 1930 968 1989 quam
983 1914 1068 1973 labo-

91 1998 191 2058 rando
212 1998 290 2058 inter
309 1999 379 2073 ipsa
400 1998 502 2058 officia
517 1999 683 2072 conlapsus
700 2004 755 2056 est.
777 1997 889 2072 turpis,
912 2013 1003 2072 quem
1018 2012 1068 2056 ac·

94 2080 246 2156 cipiendis
267 2081 476 2142 inmorientem
496 2081 665 2142 rationibus
687 2081 740 2140 diu
760 2086 874 2141 tractus
889 2081 956 2141 risit
968 2081 1069 2139 heres.

92 2165 261 2224 Praeterire
290 2167 374 2240 quod
398 2165 472 2224 milti
494 2165 626 2226 occurrit
647 2167 821 2240 exemplum
841 2181 902 2224 non
925 2169 1105 2238 possum=3

92 2247 266 2308 Turannius
281 2248 336 2310 luit
350 2257 476 2309 exactae
491 2249 665 2323 diligentiae
679 2263 785 2324 senex,
802 2248 855 2322 qui
870 2255 942 2324 post
957 2263 1069 2307 annum

93 2334 344 2406 nonagesimum,
361 2349 430 2392 cum
444 2333 634 2393 vacationem
651 2333 873 2407 procurationis
889 2332 928 2392 ab
944 2333 975 2392 C.
995 2333 1068 2392 Cate-

96 2431 167 2475 sare
181 2415 261 2477 ultro
277 2417 464 2492 accepisset,
487 2418 620 2492 conponi
636 2432 671 2476 se
686 2417 810 2476 inlecto
827 2423 857 2476 et
871 2419 953 2476 velut
967 2416 1069 2475 exani-

94 2515 166 2560 nem
180 2516 199 2558 a
214 2500 427 2562 circumstante
447 2499 560 2560 familia
576 2499 678 2574 plangi
693 2501 791 2559 iussit.
823 2499 945 2573 lugebat
960 2501 1069 2560 domus

96 2583 192 2644 otium
207 2583 321 2643 domini
337 2585 419 2646 senis
435 2600 491 2643 nec
506 2583 603 2643 finivit
617 2591 686 2644 ante
700 2582 866 2656 tristitiam,
878 2599 967 2657 quam
984 2583 1071 2642 labor

92 2667 136 2726 illi
157 2683 233 2728 suus
254 2668 410 2728 restitutus
432 2675 487 2728 est.
519 2667 649 2726 Adeone
669 2667 753 2727 iuvat
773 2675 954 2740 occupatum
976 2666 1072 2725 morit

8 2743 10 2756 '
94 2751 180 2810 idem
197 2752 353 2826 plerisque
371 2753 489 2810 animus
505 2759 566 2812 est:
589 2749 701 2810 diutius
716 2750 868 2824 cupiditas
883 2749 941 2809 illis
958 2749 1104 2812 tabariae

95 2852 188 2910 qnam
210 2836 338 2896 facultas
360 2843 416 2895 est.
459 2851 528 2894 cum
548 2833 741 2894 inbecillitate
763 2831 903 2908 corporis
926 2828 1070 2909 pugnant.

94 2926 284 2979 senectutem
310 2919 409 2995 ipsam
434 2919 517 2978 nullo
544 2919 603 2978 alio
629 2919 751 2978 nomine
776 2933 901 2992 gravem
921 2917 1070 2992 iudicant,

96 3019 189 3078 quam
206 3003 289 3076 quod
303 3003 372 3064 illos
388 3001 519 3078 seponit.
540 3002 604 3061 Lex
620 3019 638 3061 a
653 3001 908 3077 quinquagesimo
925 3017 1004 3060 anno
1017 3001 1071 3059 mi-

94 3086 177 3148 litem
195 3101 256 3147 non
271 3087 358 3162 legit,
375 3104 393 3147 a
411 3087 606 3161 sexagesimo
622 3093 796 3146 senatorem
811 3102 873 3146 non
889 3086 976 3145 ottae
993 3085 1071 3144 dilli-

95 3169 184 3232 cilius
200 3170 340 3232 homines
355 3186 373 3231 a
388 3188 424 3232 se
439 3171 532 3232 otiam
546 3167 699 3244 inpetrant
715 3185 806 3244 quam
818 3185 836 3228 a
849 3170 928 3244 lege.
950 3169 1105 3230 Interimo

95 3255 167 3314 dum
193 3257 354 3330 rapiuntur
379 3263 409 3316 et
432 3255 569 3328 rapiunt,
595 3254 669 3315 dum
698 3255 773 3312 alter
793 3252 917 3313 alterius
940 3253 1073 3328 quietem

93 3339 224 3414 rumpit,
240 3341 312 3400 dum
325 3347 429 3400 mutuo
445 3339 549 3398 miseri
564 3343 645 3412 sunt,
658 3336 721 3397 vita
737 3337 865 3396 estsine
880 3338 988 3408 fructu,
1006 3335 1073 3396 sine
1119 3343 1121 3346 ·

93 3425 269 3498 voluptate,
296 3425 362 3483 sine
384 3424 444 3483 ullo
460 3423 602 3496 proiectu
618 3421 725 3508 animi:
750 3436 840 3481 nemo
855 3421 886 3480 in
901 3417 1074 3492 conspicuo

94 3514 224 3568 mortem
244 3507 351 3582 babet,
372 3522 471 3584 nemo⁸
485 3523 546 3568 non
561 3507 671 3582 procul
687 3521 761 3581 spes
777 3503 914 3565 intendit.
948 3498 1074 3574 quidam
