2546 3890
342 197 395 260 DE
410 196 628 258 CLEMENTIA
649 196 723 262 LIB.
738 198 775 258 ΙΙ.
796 205 893 260 5-7.
1036 199 1099 264 303

125 351 183 412 sed
200 351 349 426 proderit,
380 349 587 409 incommune
606 347 752 408 auxilium
774 354 862 408 natus
885 364 921 408 ac
943 349 1099 425 publicum

123 435 255 510 bonum,
286 449 326 494 cx
355 431 523 510 quo-dabit
543 432 654 507 cuique
679 438 812 506 partema
838 433 928 492 etiam
955 434 994 498 ad
1017 437 1097 497 cala·
1188 503 1190 508 ,

124 519 254 579 mitosos
271 534 327 593 pro
342 517 483 594 portione
497 515 708 592 inprobandos
729 521 760 575 et
779 517 990 578 emendandos
1010 517 1097 580 boni-

123 609 214 662 tatem
227 615 315 662 suam
326 599 486 676 permittet.
510 599 643 660 adflictis
653 615 728 660 vero
743 605 774 658 et
785 601 875 660 sortis
888 605 1000 676 [culpa]
1012 604 1097 664 labo-

122 686 262 746 rantibus
274 687 367 746 multo
382 683 522 745 libentius
540 683 708 744 subveniet.
739 683 880 757 quotiens
896 685 1020 760 poterit,
1036 687 1097 747 lor·

122 777 216 829 tunae
230 769 409 830 intercedet:
431 767 483 827 ubi
499 769 578 828 enim
600 767 712 842 opibus
728 767 829 843 potius
843 774 943 828 utetur
958 776 1009 832 aut
1025 769 1097 830 viri-

123 854 183 913 bus
202 869 293 928 quam
309 853 348 912 ad
362 852 550 912 restituenda
561 867 645 926 quae
660 866 752 911 casus
763 851 892 926 inpulltr
904 853 1019 912 voltum
1030 855 1097 929 qui-

125 937 194 996 dem
209 953 270 997 non
286 935 397 997 deiciet
411 951 470 996 nec
483 937 616 996 animum
631 934 671 994 ob
687 949 758 994 crus
772 935 899 996 alicuius
914 935 1032 1001 aridum
1047 945 1099 999 aut

125 1036 296 1096 pannosam
312 1019 440 1080 maciem
459 1026 490 1079 et
505 1019 639 1079 innixam
660 1019 770 1078 baculo
790 1025 993 1080 senectutem=
1017 1029 1096 1082 cete·

123 1121 191 1164 rum
207 1104 347 1165 omnibus
364 1103 464 1178 dignis
476 1101 620 1178 ‘proderit
639 1109 670 1162 et
690 1102 818 1163 deorum
839 1119 925 1164 more
944 1103 1096 1165 calamito-

126 1205 180 1248 sos
196 1187 347 1265 propitius
362 1187 514 1262 respiciet.
544 1185 754 1248 Misericordia
766 1187 867 1247 vicina
881 1191 929 1247 est
942 1186 1127 1249 miseriaeah

123 1271 217 1334 habel
230 1273 310 1332 enlm
324 1271 439 1346 aliquid
454 1269 607 1346 trahitque
617 1286 658 1329 ex
668 1285 715 1330 ea.
737 1269 1014 1332 inbecilles-oeulos
1026 1287 1098 1336 esse

124 1355 223 1432 scias,
247 1355 300 1432 qui
314 1357 353 1415 ad
370 1355 501 1414 alienam
515 1355 725 1430 lippitudinem
739 1361 770 1414 et
783 1355 842 1429 ipsi
858 1354 1095 1430 sublunduntur‚

123 1447 185 1500 tam
195 1438 371 1500 mehercule
381 1455 473 1514 quam
484 1439 623 1498 morbum
638 1453 724 1512 esse,
740 1455 801 1498 non
813 1437 1002 1513 hilaritatem,
1018 1455 1096 1499 scm-

125 1539 181 1599 per
214 1521 358 1584 adridere
385 1522 555 1582 ridentibus
586 1529 617 1581 et
647 1523 685 1581 ad
717 1523 852 1582 omnium
886 1520 1097 1584 oscitationem

83 1672 89 1678 ,
123 1609 226 1682 ipsum
241 1621 366 1683 quoque
384 1623 420 1668 os
433 1607 593 1668 diducere=
616 1604 826 1666 misericordia
847 1603 950 1666 vitium
968 1613 1016 1667 est
1032 1607 1095 1666 ani·

123 1707 243 1752 morum
256 1691 345 1751 nimis
358 1689 480 1751 miseria
495 1690 683 1766 pauentium,
700 1704 792 1764 quarn
804 1689 910 1764 siquis
924 1707 943 1750 a
957 1690 1097 1766 sapiente

125 1775 232 1850 exigit,
255 1781 427 1850 propeest,
450 1781 484 1834 ut
503 1774 744 1834 lamentationem
768 1773 870 1847 exigat
886 1781 917 1833 et
934 1775 965 1833 in
989 1775 1096 1834 alienis

124 1858 282 1918 funeribus
297 1859 437 1932 gemitus.

185 1942 251 2004 vll.
275 1944 326 2015 [At
342 1957 436 2017 quare
450 1959 510 2002 non
526 1942 685 2016 ignoscet?
715 1947 856 2014 vacuum]
879 1941 1124 2004 constitua-1

4 2023 8 2034 “
124 2023 1097 2100 musnuncquoque‚quidsitvenia,etscienrusdari

125 2109 238 2168 illama
254 2110 391 2184 sapiente
406 2125 467 2168 non
486 2108 608 2168 debere.
644 2107 743 2168 Venia
763 2117 811 2168 est
833 2124 951 2182 poenae
971 2106 1097 2167 meritae

126 2192 278 2252 remissio.
301 2194 387 2252 Hanc
407 2193 531 2268 sapiens
547 2207 642 2268 quare
656 2209 718 2253 non
734 2193 845 2252 debeat
859 2193 948 2266 dare,
963 2192 1097 2251 reddunt

123 2275 273 2336 rationem
289 2275 417 2350 diutiuS,
434 2276 546 2350 quibus
561 2277 620 2337 hoc
631 2275 824 2352 propositum
837 2283 898 2339 est:
914 2291 971 2350 ego
984 2284 1017 2336 ut
1027 2275 1095 2336 bre·

124 2360 203 2419 viter
218 2366 372 2435 tamquam
385 2360 416 2418 in
432 2358 531 2420 alieno
544 2360 655 2419 iudicio
668 2359 783 2418 dicam:
803 2359 839 2418 Ei
853 2359 1030 2434 ignoscitur,
1044 2358 1096 2433 qui

127 2443 226 2517 puniri
241 2443 354 2502 debuit.
384 2443 509 2518 sapiens
524 2450 625 2503 autem
639 2443 712 2502 nihil
734 2442 805 2503 lacit
817 2443 903 2518 'quod
918 2459 979 2503 non
996 2442 1094 2512 debet,

125 2526 198 2584 nihil
210 2527 426 2600 praetermittit,
443 2527 527 2600 quod
537 2527 641 2586 debet:
660 2528 763 2602 itaque
776 2542 916 2601 poenam,
930 2541 1021 2602 quam
1033 2524 1095 2584 exi-

124 2625 198 2684 gere
212 2609 311 2682 debet,
328 2627 389 2670 non
405 2611 507 2671 donat.
533 2610 588 2668 sed
603 2611 676 2669 illud
692 2611 775 2686 quod
791 2626 829 2669 ex
846 2610 934 2670 venia
946 2609 1123 2684 consequia

128 2692 188 2763 vis,
204 2693 381 2754 honestiore
398 2693 449 2753 tibi
466 2694 515 2752 via
528 2692 645 2752 tribuit:
669 2695 765 2769 parcit
776 2695 855 2752 enim
872 2693 1006 2768 sapiens
1022 2708 1094 2752 oon-

125 2777 195 2835 sulit
209 2782 238 2835 et
252 2777 384 2850 corrigit.
408 2777 488 2836 idem
501 2777 572 2836 lucit
583 2777 682 2851 quod,
698 2778 725 2837 si
740 2777 923 2852 ignosceret,
939 2792 996 2836 nec
1008 2777 1094 2850 igno·

124 2859 197 2932 scit,
229 2861 372 2934 quoniam
402 2860 453 2935 qui
479 2859 625 2935 ignoscit,
658 2861 768 2922 latetur
797 2860 913 2935 aliquid
942 2877 977 2920 sc
1009 2859 1094 2935 quod
1195 2865 1197 2870 “

124 2942 189 3002 fieri
205 2943 309 3004 debuit
323 2945 476 3004 omisisse.
503 2943 646 3019 Aliquem
659 2944 763 3005 verbis
777 2952 891 3005 tantum
909 2943 1092 3015 admonebit,

123 3041 224 3100 poena
244 3043 306 3087 non
333 3027 455 3088 adficiet
478 3035 606 3088 aetatem
630 3028 696 3088 eius
723 3028 943 3088 emendabilem
963 3028 1093 3088 intuens.

123 3109 256 3182 aliquem
270 3110 384 3172 invidia
400 3111 532 3172 criminis
546 3112 706 3172 manifeste
720 3113 909 3172 laborantem
923 3111 1038 3172 iubebit
1050 3111 1092 3170 in·

123 3192 274 3255 columem
289 3211 376 3269 esse,
405 3196 476 3270 quia
496 3195 644 3270 deceptus
665 3203 726 3270 est,
756 3197 828 3271 quia
851 3195 1029 3270 parvinum
1050 3196 1093 3252 la·

123 3292 210 3350 psus.
239 3277 345 3340 hostes
368 3280 494 3340 dimittet
514 3280 635 3353 salvos,
656 3281 821 3354 aliquando
837 3279 925 3338 etiam
942 3279 1093 3350 laudatos,

123 3359 150 3418 si
164 3359 302 3421 honestis
318 3365 420 3423 causis
443 3380 499 3438 pro
514 3363 591 3436 lide,
608 3379 662 3437 pro
676 3363 816 3437 loedere,
833 3379 888 3438 pro
905 3364 1043 3423 libertate
1063 3360 1094 3418 ln

123 3443 236 3504 bellum
249 3446 336 3506 acciti
352 3453 431 3506 sunt.
459 3447 543 3506 Haec
556 3446 657 3506 omnia
671 3461 731 3507 non
750 3448 870 3521 veniae,
894 3447 951 3506 sed
963 3448 1121 3505 clemen-3
