2528 3906
185 231 240 290 AD
262 231 444 291 MARCIAM
465 228 515 292 DE
538 229 837 292 CONSOLATIONE.
861 240 962 293 1213.
1007 231 1067 294 123

89 383 242 443 solatium.
265 383 330 442 Non
346 382 535 442 mehercules
551 389 611 442 tam
628 385 706 442 maie
719 383 757 442 de
772 383 907 444 moribus
922 383 982 444 tuis
997 399 1067 442 sen·
1082 402 1097 453 5

90 468 140 536 tio,
156 473 191 526 ut
205 474 308 542 putem
324 473 462 540 possete
478 465 576 526 levius
599 467 660 540 pati
675 481 780 526 casum
796 472 888 539 tuum,
909 467 936 526 si
950 467 1003 528 tibi
1022 466 1065 524 in·

89 557 211 624 gentem
233 551 397 623 lugentium
418 565 573 609 numerum
595 550 788 624 produxero=
812 551 944 610 malivoli
965 550 1066 610 solatii

91 649 189 708 genus
204 633 546 694 estturbamiserorum.
568 635 720 708 quosdam
733 641 834 700 lamen
848 634 988 707 releram,
1004 650 1065 693 non

92 725 122 776 ut
136 719 220 776 scias
242 716 586 778 hocsolerebominibus
597 717 747 790 accidere,
763 716 1064 776 ridiculumestenim

92 801 281 860 mortalitatis
297 801 439 876 exempla
454 801 606 875 colligere,
622 800 677 860 sed
688 808 720 860 ut
734 801 816 860 scias
832 799 928 862 luisse
943 803 1064 873 multos,

93 884 143 958 qui
159 883 289 944 lenirent
308 900 420 958 aspera
436 884 555 958 placide
578 885 715 944 lerendo.
743 886 770 943 A
793 883 968 944 felicissimo
991 884 1096 948 inei-6

92 968 190 1042 piam:
212 966 244 1024 L.
259 967 343 1030 Sulla
357 967 450 1029 lilium
463 968 571 1040 amisit,
587 984 644 1028 nec
659 985 696 1028 ea
709 983 759 1027 res
774 974 826 1027 aut
841 968 983 1028 malitiam
998 969 1065 1028 eius

91 1058 122 1110 et
136 1052 315 1111 acerrimam
332 1051 468 1111 virtutem
484 1052 513 1110 in
527 1051 632 1112 hostes
647 1053 793 1126 civesque
808 1052 943 1112 contudit
957 1059 1008 1112 aut
1022 1053 1065 1110 el-

92 1135 172 1208 lecit,
193 1140 227 1194 ut
242 1145 409 1210 cognomen
431 1135 505 1196 illud
517 1151 688 1211 usurpasse
703 1137 789 1196 salvo
808 1135 962 1195 videretur
982 1135 1066 1210 quod

91 1219 208 1278 amisso
224 1218 286 1279 lilio
300 1219 481 1293 adsumpsit.
514 1234 571 1278 nec
587 1220 657 1278 odia
678 1219 835 1280 hominum
848 1218 973 1290 veritus
990 1236 1065 1294 quo-

91 1318 159 1360 rum
174 1303 255 1362 malo
270 1303 340 1362 illae
355 1301 443 1362 nimis
458 1303 614 1368 secuntiae
627 1319 677 1362 res
686 1309 836 1374 constant
851 1317 907 1360 nec
923 1302 1066 1360 invidiam

91 1385 230 1456 deorum,
252 1403 380 1463 quorum
402 1385 477 1445 iilud
491 1387 603 1446 crimen
620 1394 693 1458 erat,
717 1385 801 1446 Sulla
815 1392 875 1444 tam
891 1386 973 1444 lelix.
1009 1385 1066 1444 sed

92 1467 173 1528 istud
189 1470 267 1528 inter
280 1486 331 1529 res
348 1470 482 1530 nondum
504 1469 653 1531 iudicatas
668 1470 765 1542 abent,
787 1469 887 1544 qualis
903 1468 987 1529 Sulla
1001 1469 1065 1527 lue-

91 1553 138 1612 rit
158 1552 249 1612 etiam
264 1553 375 1613 inimici
390 1553 564 1614 fatebuntur
582 1554 661 1613 bene
674 1555 758 1614 illum
779 1569 863 1613 arma
884 1551 1064 1626 sumpsisse,

91 1635 170 1694 bene
186 1637 345 1709 posuisse.
361 1636 420 1696 hoc
434 1636 474 1695 de
489 1653 550 1711 quo
562 1638 661 1710 agitur
672 1636 830 1709 constabit,
847 1651 907 1694 non
919 1651 1065 1694 assema-

91 1720 206 1778 nimum
221 1721 332 1780 malum
349 1718 433 1814 quod
448 1719 588 1777 etiamad
602 1718 796 1784 felicissimos
813 1720 960 1793 pervenit

151 1802 231 1862 Xlll.
252 1803 296 1860 Ne
310 1802 399 1862 nimis
411 1781 576 1862 admiretur
590 1803 717 1861 Graecia
731 1801 813 1862 illum
829 1809 954 1875 patrem,
970 1802 1066 1875 quiin
1085 1813 1097 1864 l

91 1883 161 1958 ipso
178 1885 330 1945 sacrificio
347 1885 481 1945 nuntiata
495 1885 547 1944 lilii
559 1892 655 1944 morte
665 1883 820 1946 tibicinem
835 1891 948 1943 tantum
964 1892 1065 1943 tacere
1164 1923 1176 1948 ι

91 1967 182 2028 iussit
196 1975 227 2028 et
241 1984 293 2028 cor
296 1985 385 2029 onam
399 1968 489 2043 capiti
506 1969 646 2042 detraxit,
663 1975 764 2028 cetera
778 1969 835 2027 rite
846 1967 983 2042 perlecit,
998 1967 1064 2025 Pul·

92 2052 182 2114 villus
197 2049 300 2112 effecit
311 2051 458 2126 pontilex,
474 2051 521 2112 eui
534 2058 654 2126 postem
668 2051 779 2112 tenenti
789 2057 818 2110 et
826 2050 1004 2126 Capitolium
1013 2050 1065 2108 de-

90 2135 204 2194 dicanti
220 2151 303 2196 mors
318 2135 370 2196 lilii
382 2135 518 2195 nuntiata
538 2143 594 2194 est.
624 2151 715 2211 quam
731 2136 780 2194 ille
795 2133 961 2194 exaudisse
975 2134 1065 2193 dissi-

91 2219 214 2278 mulavit
228 2227 259 2279 et
278 2218 437 2278 sollemnia
452 2219 620 2294 [pontificia
641 2217 785 2296 carmina]
810 2218 904 2278 verba
924 2217 1066 2291 concepit

90 2305 205 2374 gemitu
225 2319 286 2362 non
302 2303 539 2378 interrumpente
555 2303 759 2378 precationem
778 2303 858 2362 etad
875 2301 928 2362 filii
943 2301 991 2360 sui
1013 2317 1065 2361 no·

91 2401 158 2444 men
175 2386 251 2446 iove
266 2386 438 2461 propitiato.
469 2386 615 2446 Putasses
630 2387 696 2446 eius
711 2387 811 2447 luctus
827 2380 959 2461 aliquem
974 2385 1064 2443 finem
1080 2394 1097 2444 ι

26 2503 31 2516 ·
90 2483 162 2528 esse
178 2469 301 2543 debere,
314 2469 402 2530 cuius
414 2469 533 2545 primus
546 2471 612 2530 dies
627 2477 658 2529 et
673 2471 787 2544 primus
802 2469 922 2544 inpetus
938 2468 976 2526 ab
991 2469 1063 2525 alta-

89 2552 176 2612 ribus
192 2553 324 2627 publicis
339 2563 369 2614 et
383 2555 484 2616 lausta
496 2552 926 2628 nuncupationenonabduxit
931 2559 1063 2625 patrem:

90 2633 203 2710 dignus
229 2637 418 2698 mehercules
441 2638 496 2698 luit
517 2635 704 2714 memorabili
730 2635 931 2707 dedicatione,
954 2633 1063 2708 dignus

89 2717 282 2794 amplissimo
298 2721 481 2792 sacerdotio,
498 2722 549 2797 qui
565 2721 666 2780 colere
683 2719 760 2778 deos
776 2734 815 2778 ne
830 2718 924 2781 iratos
941 2717 1064 2791 quidem

90 2802 215 2863 destitit
243 2805 324 2864 idem
340 2812 439 2864 tamen
457 2812 489 2865 ut
502 2804 590 2863 rediit
609 2805 740 2875 domum,
762 2810 792 2862 et
811 2801 938 2876 inplevit
957 2801 1064 2860 oculos

89 2885 254 2962 etaliquas
268 2903 364 2948 voces
376 2886 494 2947 flebiles
514 2887 595 2948 misit
613 2895 644 2947 et
659 2889 790 2962 peractis
811 2900 891 2961 quae
912 2899 980 2944 mos
1001 2891 1065 2943 erat

90 2979 251 3043 praestare
265 2971 425 3047 deiunctis,
447 2973 487 3032 ad
503 2971 704 3046 capitolinum
725 2972 806 3031 illum
829 2969 919 3029 rediit
939 2969 1064 3029 voltum.

88 3050 202 3114 Paulas
218 3055 301 3114 cirea
314 3055 383 3116 illos
398 3055 578 3116 nobilissimi
594 3054 736 3130 triumphi
757 3054 833 3128 dies,
853 3070 914 3128 quo
933 3041 1096 3118 tinctuma

89 3143 159 3198 ante
173 3153 296 3199 currum
318 3138 379 3214 egit
391 3138 515 3212 Persen,
531 3137 730 3212 [inclitiregis
743 3143 873 3210 nomen]
892 3137 972 3197 duos
984 3135 1063 3196 lilios

89 3219 119 3278 in
134 3222 333 3297 adoptionem
347 3223 439 3282 dedit.
466 3238 546 3298 quos
567 3221 624 3282 sibi
640 3227 825 3294 servaverat,
848 3221 961 3281 extulit.
990 3237 1063 3293 qua·

89 3303 134 3363 les
149 3312 286 3366 retentos
302 3313 400 3379 putas,
417 3321 484 3366 cum
500 3306 577 3366 inter
589 3306 798 3364 commodatos
814 3303 919 3378 Scipio
936 3303 1064 3362 luissett

89 3385 155 3446 Non
173 3388 241 3448 sine
256 3396 339 3448 motu
360 3403 488 3449 vacuum
505 3388 590 3448 Pauli
612 3404 733 3447 currum
755 3388 887 3462 populus
906 3387 1063 3445 Romanus

89 3469 242 3547 adspexit.
266 3471 466 3532 concionatus
481 3479 529 3532 est
546 3479 645 3531 tamen
661 3479 691 3530 et
705 3471 766 3545 egit
776 3470 824 3530 dis
840 3467 962 3543 gratias,
979 3463 1064 3538 quod
