2522 3906
235 749 374 846 lttll.
399 747 581 846 lllllll
611 749 923 847 lullllllt.

518 995 643 1006 -u—uu

130 1130 168 1222 lt·
188 1168 290 1218 Annaei
311 1166 421 1219 Senecae
439 1168 497 1220 libri
515 1183 668 1232 quamquam
686 1168 792 1220 multum
811 1167 934 1220 lactineo
950 1183 1007 1221 raro
1025 1171 1087 1221 editi

65 1242 136 1296 sont,
160 1245 252 1287 tamen
270 1237 322 1288 dici
340 1251 390 1288 non
407 1245 505 1303 potest,
529 1244 591 1299 quot
608 1238 691 1299 vitiis,
710 1246 772 1302 quot
788 1238 1025 1303 interpolationibus
1042 1239 1087 1289 ob·

64 1304 128 1353 sessi
153 1303 269 1365 inerim,
293 1306 374 1356 donec
399 1321 482 1372 nuper
502 1306 640 1356 admodum
661 1315 763 1358 strenuo
778 1306 888 1357 Fickerti
905 1322 981 1372 opera
995 1323 1087 1358 novam

65 1385 144 1434 paene
159 1374 258 1424 faciem
276 1374 425 1434 induerunt,
443 1390 508 1438 quae
523 1374 557 1425 ad
574 1390 658 1424 veram
675 1390 705 1426 ao
722 1376 859 1440 genuinam
873 1390 953 1440 prope
968 1379 1086 1433 accedam

66 1443 223 1507 comparatis
248 1445 316 1494 enim
339 1443 426 1494 illeet
444 1443 596 1494 editionibus
614 1444 743 1509 prioribus
760 1457 843 1509 paena
860 1444 978 1494 omnibns
997 1452 1022 1495 et
1041 1460 1087 1494 ex·

66 1513 144 1561 cussis
162 1511 303 1577 permultis
320 1511 394 1562 libris
410 1527 482 1572 msa,
500 1514 565 1562 iuter
583 1528 647 1576 qnos
665 1514 742 1564 etism
756 1513 991 1577 praestantissimos
1009 1528 1086 1576 qnos·

65 1577 119 1627 dom
138 1588 236 1631 nactus
255 1588 309 1644 est,
336 1579 505 1644 reliquisque,
529 1582 552 1630 si
566 1596 618 1644 qna
635 1589 719 1640 erant,
742 1581 985 1632 auxiliisadbibitis
1002 1581 1088 1632 lacera

63 1649 159 1713 potuit,
186 1650 258 1712 quod
283 1664 358 1700 nemo
382 1659 439 1700 ante
463 1665 534 1708 enm,
558 1659 586 1700 nt
608 1665 659 1702 non
682 1651 778 1713 aliquot
795 1651 858 1700 locis
875 1651 972 1716 passim
991 1650 1087 1715 aliquid

65 1717 155 1767 melina
180 1726 329 1780 quaereret,
354 1719 402 1768 sed
425 1717 568 1784 exploraret
589 1720 697 1782 ubique,
717 1720 780 1782 quid
798 1735 884 1769 verum
901 1727 977 1770 esset.
1013 1719 1088 1780 Quod

64 1799 111 1846 qna
129 1787 285 1851 prudentis,
305 1801 357 1851 qua
372 1787 505 1853 diligentia
521 1786 669 1852 perfecerit,
696 1787 755 1838 uolo
774 1802 841 1838 nunc
859 1789 885 1838 in
903 1790 985 1839 amico
1004 1797 1087 1840 vetere

65 1853 187 1906 laudibus
204 1855 348 1916 celebrare,
373 1857 400 1908 id
415 1856 485 1920 qnod
502 1865 526 1905 et
544 1855 588 1908 alii
606 1857 719 1906 lecerunt
734 1865 793 1907 ante
809 1871 850 1906 me
862 1864 893 1906 ·et
911 1857 1005 1907 iaciant
1019 1871 1087 1906 sem·

64 1938 107 1986 per
117 1925 277 1988 quicumque
295 1934 410 1976 accurate
424 1939 578 1991 cognoscere
591 1925 687 1984 volent,
706 1926 768 1987 quid
780 1940 881 1988 quoque
895 1924 952 1975 loco
962 1923 1086 1976 Senecam

65 1993 204 2057 scripsisse
229 1993 368 2044 verisimile
390 1995 431 2044 sit.
476 1992 563 2056 Neque
586 2002 670 2043 tamen
693 1995 845 2044 credendum
869 2001 921 2052 est,
946 1993 1009 2043 nihil
1032 1993 1086 2042 ferc

66 2062 211 2111 liebertum
230 2077 262 2112 ex
279 2063 313 2112 iis
331 2062 421 2127 reliqui
438 2060 544 2121 iecisse,
560 2077 624 2125 quae
636 2063 663 2113 in
678 2062 824 2129 philosophi
840 2063 999 2113 disertissimi
1014 2061 1086 2112 libris

64 2129 258 2198 philologorum
274 2132 360 2182 studia
376 2131 570 2196 exspectabant;
588 2146 647 2182 uam
662 2141 690 2181 ut
707 2131 752 2182 illa
769 2133 895 2192 omittam,
911 2131 1086 2194 qnaeFiclrer·

63 2207 102 2249 tus
125 2214 156 2250 se
181 2207 393 2264 pertractaturum
410 2199 539 2266 pollicitus
558 2207 596 2250 est
614 2201 743 2250 volumine
760 2207 862 2263 quarto,
887 2200 918 2250 de
934 2215 984 2263 quo
998 2214 1085 2250 aurern

64 2269 86 2316 ei
100 2268 248 2334 pervellere
265 2285 316 2320 non
328 2270 443 2329 desisto,
467 2270 549 2334 ipsam
567 2269 643 2318 etiam
661 2270 794 2320 verborum
814 2268 1014 2320 emendationem
1034 2283 1085 2317 non

65 2337 147 2399 potnit
162 2353 232 2388 unns
245 2338 323 2390 homo
338 2337 482 2396 absolvere,
504 2339 652 2402 praesertim
663 2339 707 2401 qui
723 2339 751 2389 id
766 2352 816 2388 non
829 2338 992 2403 suscepisset.
1023 2337 1085 2387 Cum

64 2407 130 2456 enim
155 2407 211 2458 dno
232 2407 298 2458 baec
318 2409 369 2458 sint
393 2408 441 2457 arti
459 2407 559 2456 criticas
575 2408 719 2473 proposita,
741 2409 851 2472 primum
868 2413 896 2455 ut
914 2407 1084 2470 saepiusque

63 2474 120 2524 libri
139 2475 225 2526 lorma
242 2477 394 2541 reperiatur,
421 2491 486 2539 quae
502 2475 631 2526 codicibus
646 2491 707 2526 mss.
727 2477 869 2526 continetur
884 2476 979 2540 optima
996 2482 1021 2525 at
1040 2489 1084 2524 an-

64 2544 226 2606 tiquissima,
252 2541 345 2596 deindo
367 2561 428 2596 vero
450 2553 478 2595 nt
499 2546 581 2609 prima
601 2544 645 2594 illa
669 2545 817 2610 indagetur,
845 2559 910 2607 quae
932 2544 963 2594 ab
982 2552 1085 2592 anctore

65 2613 119 2676 ipso
134 2613 254 2679 prolecta
275 2622 329 2674 est,
353 2629 417 2677 quae
442 2613 545 2676 quidem
568 2627 645 2678 saepe
666 2613 741 2680 longe
765 2614 893 2676 discrepat
912 2627 929 2660 a
945 2612 1085 2670 codicibus,

65 2681 197 2732 liebertus
213 2682 316 2746 quidem
331 2697 404 2734 suam
418 2681 575 2748 diligentiam
591 2683 714 2748 inpriore
729 2682 774 2732 illa
788 2687 861 2747 parte
876 2679 997 2731 continuit
1011 2680 1085 2741 adeo,

66 2757 91 2797 ut
114 2766 194 2802 unam
220 2752 341 2802 librorum
359 2752 534 2802 auctoritatem
550 2759 652 2802 secutus
669 2765 859 2814 nonnumquam
878 2748 956 2800 talem
973 2747 1084 2799 Senecae

65 2821 208 2870 orationem
225 2819 351 2881 efiiceret,
374 2819 475 2884 qualem
496 2821 552 2870 eins
569 2834 620 2869 non
638 2819 719 2870 luisse
736 2819 778 2871 vel
795 2821 852 2885 ipse
870 2819 968 2868 monuit
987 2817 1026 2868 vel
1043 2833 1084 2866 ar-

65 2891 196 2951 gumentis
218 2891 294 2940 certis
317 2890 484 2940 demonstrari
508 2896 602 2954 potest.
639 2888 808 2948 Quamobrem
828 2888 890 2951 quid
907 2886 971 2937 mihi
985 2886 1085 2936 consilii

64 2955 141 3007 luerit
165 2959 192 3008 in
216 2973 282 3009 nova
303 2958 353 3010 bac
375 2958 487 3022 editione
510 2958 665 3008 instituenda
686 2956 760 3008 facile
778 2956 934 3024 intelligitur.
971 2957 1084 3006 Primum

64 3027 131 3074 enim
150 3027 180 3077 id
197 3028 251 3092 egi,
270 3034 298 3077 ut
315 3035 459 3078 constanter
476 3041 596 3090 sequerer
614 3028 765 3092 optimorum
783 3025 898 3076 codicum
912 3024 989 3075 lldem
1008 3024 1033 3072 in
1051 3025 1085 3072 iis

64 3093 128 3144 locis
152 3098 284 3162 omnibus,
311 3097 449 3160 inquibus
472 3095 627 3162 probabilem
649 3097 799 3160 scripturam
818 3093 948 3154 offerrent,
970 3093 997 3144 id
1015 3092 1084 3154 quod

64 3162 198 3214 Fickertus
213 3166 288 3216 modo
305 3167 404 3225 sciens,
422 3166 498 3215 modo
515 3165 590 3215 etiam
607 3165 708 3214 nescius
724 3173 749 3214 et
764 3165 858 3214 invitus
872 3177 923 3212 non
934 3177 1034 3228 semper
1047 3161 1059 3210 l
1072 3190 1084 3200 -

65 3233 105 3282 cit.
144 3232 244 3284 Deinde
266 3250 325 3286 vero
348 3236 392 3284 ubi
412 3233 535 3285 librorum
560 3235 673 3283 omnium
697 3235 847 3299 scripturam
865 3239 1008 3297 corruptam
1027 3245 1083 3280 esse

64 3299 193 3364 intellexi,
220 3319 270 3354 non
291 3303 405 3355 dubitavi
428 3311 472 3355 aut
494 3317 553 3352 mea
576 3301 660 3365 aliqua
680 3311 725 3352 aut
748 3301 831 3352 aliena
850 3303 992 3352 coniectura
1008 3313 1084 3365 opem

66 3367 146 3431 lerre,
166 3372 235 3435 quod
250 3371 292 3422 ille
306 3387 359 3423 non
374 3371 429 3423 iere
442 3372 503 3422 lecit
520 3371 571 3421 nisi
584 3372 663 3421 nimia
678 3370 788 3435 quadam
805 3372 955 3421 necessitate
969 3378 1081 3419 coactus.

66 3437 151 3494 Quare
171 3441 275 3500 accidit,
300 3450 328 3492 nt
349 3441 413 3491 haec
436 3449 521 3490 nostra
544 3440 623 3490 editio
643 3439 713 3491 haud
730 3455 787 3488 raro
806 3455 822 3488 a
838 3439 946 3487 Fickerti
964 3435 1082 3498 exemplo

66 3506 195 3571 discedat,
213 3510 282 3574 quod
299 3509 344 3573 qui
360 3510 552 3575 improbandum
568 3508 703 3568 iudicabit,
722 3509 744 3556 is
754 3507 869 3572 prolecto
880 3505 1021 3555 coniunctis
1034 3503 1083 3549 cri·

63 3577 193 3642 minibus,
218 3593 283 3643 quae
303 3587 421 3645 separata
443 3593 500 3628 ease
521 3576 617 3638 solent,
642 3578 746 3627 nimiam
767 3575 842 3624 simul
862 3583 887 3682 ξι
904 3575 930 3622 in
947 3559 1088 3633 sequendis*
