2546 3890
203 219 266 283 293
306 221 340 280 L.
353 221 442 280 ANN.
457 219 587 280 SENEC.
604 220 655 282 ott
671 217 888 279 CLEMENTIA
904 217 975 278 LIB.
984 219 1005 276 1.
1027 227 1071 281 26.

204 372 381 443 inminebat,
396 371 578 432 exscindere
590 371 730 445 adgressi
741 377 821 432 sunt.
843 368 1009 444 aliquando
1019 385 1076 432 sua
1088 385 1188 445 prae-

204 456 284 516 sidia
298 456 327 514 in
343 456 429 529 ipsos
445 462 703 514 consurrexerunt
719 455 941 530 perfidiamque
955 459 986 512 et
1002 451 1186 528 inpietatem

204 547 235 600 et
249 539 395 605 lenitatem
411 544 441 597 et
455 538 598 613 quicquid
613 537 725 600 abillis
740 538 924 608 didicerant,
947 536 977 596 in
989 535 1076 612 ipsos
1087 551 1186 596 exer-

205 629 341 683 cuerunt.
364 621 439 696 quid
454 622 533 682 enirn
545 628 646 697 potest
655 622 694 682 ab
705 637 744 684 eo
757 621 919 696 quisquam
932 635 1068 694 sperare,
1084 636 1183 694 quem

203 707 315 766 malum
330 719 402 765 esse
416 705 542 768 docuitt
568 705 635 766 Non
650 705 703 764 diu
716 705 844 779 adparet
859 703 994 778 nequitia
1007 719 1065 764 nec
1079 719 1184 778 quan-

172 793 266 850 2tum
287 790 406 850 videtur
425 796 541 863 peccat.
579 788 641 848 Sed
660 797 733 863 puta
753 795 846 850 tutam
862 803 934 854 csse
952 785 1184 848 crudelitatem

82 906 88 912 ·
204 874 294 948 quale
309 872 376 932 eius
390 887 517 946 regnum
530 878 597 932 esti
618 889 679 933 nou
690 872 773 934 aliud
785 887 875 947 quem
888 878 1043 946 captarum
1057 870 1183 930 urbium

205 957 302 1018 torma
322 961 352 1014 et
371 953 522 1019 terribiles
543 956 637 1016 iacies
658 955 770 1030 publici
791 963 900 1019 metus.
929 955 1031 1016 omnia
1046 962 1181 1026 moesta,

203 1038 331 1114 trepida,
347 1039 485 1100 occlusa.
508 1039 938 1114 veluptatesipsaetimentur.
961 1055 1021 1098 non
1035 1037 1183 1099 convicia

203 1121 305 1182 securi
316 1123 433 1196 ineunt,
448 1123 477 1182 in
490 1123 601 1197 quibus
613 1122 714 1197 lingua
727 1122 855 1184 sollicite
867 1122 956 1184 etiam
968 1121 1060 1180 ebriis
1073 1127 1180 1182 custo-

203 1207 316 1266 dienda
326 1213 382 1266 cst.
401 1222 461 1269 non
475 1206 665 1282 spectacula,
681 1222 719 1266 ex
732 1207 843 1280 quibus
855 1205 980 1270 materia
992 1203 1126 1264 criminis
1139 1220 1180 1264 ac

204 1289 330 1364 periculi
343 1289 506 1364 quaeritur.
535 1289 720 1364 eriperentur
731 1289 801 1352 licet
815 1305 925 1363 magna
939 1287 1070 1362 inpensa
1083 1295 1113 1350 et
1128 1303 1180 1346 re-

148 1369 151 1376 ’
204 1372 261 1447 giis
275 1372 385 1446 opibus
394 1381 424 1434 et
435 1372 582 1434 artificum
593 1373 753 1447 exquisitis
765 1372 954 1434 nominibus=
971 1387 1059 1446 quem
1073 1377 1178 1430 tamen

171 1456 267 1518 dludi
282 1455 311 1514 in
332 1471 455 1516 carcere
469 1457 592 1518 iuventi
625 1456 713 1530 Quod
731 1455 827 1530 istud,
848 1456 878 1515 di
892 1455 979 1528 boni,
1001 1455 1112 1514 malurn
1128 1460 1180 1514 est

206 1538 362 1612 occidere,
391 1541 525 1610 saevire,
554 1539 698 1600 delectari
717 1555 795 1600 sono
817 1546 992 1600 catenarum
1012 1544 1043 1597 et
1064 1536 1178 1598 civium
1262 1563 1263 1606 t

205 1622 307 1697 capita
321 1622 477 1690 decidere,
501 1637 695 1698 quocumque
712 1631 835 1684 ventum
851 1630 898 1682 est
912 1623 1037 1682 multum
1052 1621 1178 1695 sangui·
1262 1667 1263 1672 1

204 1705 252 1764 nis
269 1705 413 1777 tundere,
435 1705 583 1780 adspectu
601 1723 659 1767 suo
676 1714 790 1768 terrere
805 1722 841 1767 ac
856 1707 982 1782 rugaret
1017 1704 1101 1777 Quae
1115 1703 1179 1764 alia
1262 1721 1263 1742 ¹

1258 1757 1263 1788 l

204 1789 267 1849 vita
287 1794 384 1862 esset,
405 1789 431 1848 si
451 1789 557 1850 leones
578 1791 704 1865 ursique
724 1797 907 1866 regnarent?
937 1789 963 1852 si
981 1787 1178 1862 serpentibus
1262 1793 1263 1846 i

205 1871 236 1932 in
258 1889 316 1932 nos
333 1888 369 1932 ac
386 1873 602 1936 noxiosissimo
621 1875 730 1949 cuique
744 1874 865 1936 anirnali
880 1873 1003 1934 daretur
1017 1877 1179 1946 potestase
1262 1853 1263 1908 l

172 1956 259 2016 tilla
278 1955 404 2016 rationis
424 1958 561 2032 expertia
582 1964 612 2016 et
631 1974 650 2016 a
670 1957 758 2020 nobis
779 1958 961 2020 inmanitatis
982 1955 1106 2016 crimine
1122 1955 1178 2014 da-

205 2047 305 2100 mnata
328 2039 479 2102 abstinent
499 2041 563 2100 suis
587 2049 617 2102 et
636 2047 699 2102 tuta
717 2047 764 2104 est
780 2041 868 2103 etiam
886 2041 963 2111 inter
977 2041 1058 2098 ieras
1072 2038 1178 2097 simili·

205 2124 295 2183 tud0=
317 2123 427 2184 horum
449 2139 487 2182 ne
507 2139 525 2184 a
545 2124 730 2185 necessariis
753 2125 875 2200 quidem
897 2123 954 2183 sibi
977 2122 1079 2182 rabies
1103 2128 1177 2180 tem-

205 2214 307 2280 perat,
332 2206 388 2265 sed
409 2214 535 2268 externa
556 2223 675 2282 suaque
697 2209 727 2268 in
748 2223 848 2284 aequo
869 2207 973 2278 habet,
997 2223 1058 2281 quo
1078 2206 1177 2280 possit
1261 2273 1262 2280 χ

205 2288 398 2348 exercitatior
419 2305 437 2350 a
457 2290 645 2364 singulorum
661 2292 807 2354 caedibus
823 2291 934 2352 deinde
948 2289 978 2350 in
995 2289 1086 2354 exitia
1102 2304 1176 2364 gen-

100 2422 103 2426 ,
205 2372 278 2432 tium
301 2387 436 2447 serpere.
465 2379 495 2432 ct
514 2373 628 2435 inicere
649 2376 736 2436 tectis
758 2377 872 2450 ignem,
894 2381 1027 2435 aratrum
1046 2372 1176 2437 vetustis

204 2456 333 2518 urbibus
350 2457 494 2517 inducere
511 2459 674 2533 potentiam
691 2467 784 2534 putat.
805 2466 835 2518 et
850 2473 942 2518 unum
957 2456 1054 2518 occidi
1070 2456 1178 2516 iubere

205 2547 257 2600 aut
270 2542 396 2602 alterum
410 2557 517 2616 parum
533 2543 758 2617 imperatorium
773 2543 877 2602 credit.
906 2541 963 2600 nisi
979 2541 1086 2600 eodem
1101 2545 1177 2598 tem-

206 2639 282 2699 pore
302 2639 378 2698 grex
397 2625 576 2686 miserorum
591 2627 648 2688 sub
669 2629 728 2687 icto
748 2626 844 2698 stetit,
865 2625 1071 2686 crudelitatem
1089 2637 1178 2683 suam.

172 2707 236 2770 tin
258 2706 395 2768 ordinem
416 2716 552 2770 coactam
572 2717 665 2784 putat.
703 2709 845 2770 Felicitas
865 2708 916 2768 illa
931 2706 1032 2768 multis
1047 2708 1176 2766 salutem

206 2791 281 2850 dare
301 2799 331 2852 et
350 2791 389 2850 ad
410 2791 500 2852 vitum
521 2793 645 2868 abipsa
666 2800 763 2854 morte
781 2807 930 2854 revocare
945 2799 975 2852 et
991 2791 1100 2850 mereri
1116 2789 1177 2850 cle·

206 2875 318 2934 mentia
339 2875 475 2938 civicam.
508 2877 622 2938 nullum
648 2885 857 2938 ornamentum
881 2873 1030 2951 principis
1055 2873 1176 2948 lastigie

206 2957 328 3032 dignius
349 2958 568 3035 pulchriusque
589 2968 637 3022 est
657 2977 748 3038 quam
763 2961 815 3020 illa
829 2975 945 3020 corone
959 2959 999 3018 ob
1013 2958 1097 3021 cives
1112 2973 1176 3016 ser·
1260 2939 1261 3024 l

206 3049 310 3102 vatos:
332 3058 393 3102 non
408 3042 528 3104 hostilia
543 3060 627 3104 arma
642 3045 776 3106 detracta
787 3042 891 3116 victis,
914 3057 975 3102 non
988 3057 1096 3102 currus
1108 3041 1176 3100 bar·

93 3197 95 3200 ,
205 3123 348 3186 berorum
365 3127 513 3200 sanguine
527 3128 657 3202 cruenti,
679 3136 740 3189 uon
756 3134 843 3204 parta
856 3127 938 3188 bello
952 3126 1062 3200 spolia.
1094 3125 1177 3184 llaec

205 3205 311 3266 divina
331 3209 466 3282 potentia
486 3217 533 3271 est
552 3209 700 3286 gregatim
723 3227 759 3271 ac
784 3210 905 3287 publice
930 3224 1074 3270 servare=
1102 3208 1176 3268 mul·
1259 3281 1260 3284 Ἴ

205 3295 255 3348 tos
281 3291 404 3366 quidem
430 3294 570 3356 occidere
596 3303 626 3356 et
651 3294 834 3358 indiscretos
859 3291 991 3354 incendii
1016 3307 1053 3354 ac
1072 3292 1178 3352 ruinae

205 3374 341 3447 potentie
362 3382 418 3434 est.

587 3463 790 3474 -ι--η--α-
