2554 3888
178 210 239 274 roe
350 210 383 268 u.
409 165 555 268 anunm
575 206 751 278 sumum
771 207 873 266 urnu.
894 209 974 268 vm.

176 363 262 439 quod
278 361 456 434 ostenditur,
473 361 569 421 scire:
592 358 683 434 illud,
698 360 812 434 inquit,
827 368 962 434 scrutor,
981 364 1064 436 quod
1081 368 1168 426 ultra

176 447 323 508 mundum
340 445 432 526 iacet,
458 451 599 504 utrumne
617 445 771 518 protunda
787 443 913 504 vastitas
934 445 974 506 sit
996 463 1033 506 un
1051 455 1083 507 et
1102 448 1168 508 hoc

177 531 279 606 ipsum
295 526 431 592 terminis
447 529 513 588 suis
529 527 678 588 cludatur.
708 527 808 603 qualis
823 526 863 586 sil
877 528 998 588 habitus
1014 532 1164 602 exclusis

178 613 320 675 informia
335 619 364 672 ct
379 613 510 672 contusa
524 613 584 671 siut
599 627 636 670 au
653 610 683 670 in
705 627 827 672 omnem
842 619 959 687 partem
974 615 1166 674 tantumdem

178 697 239 757 loci
261 696 442 770 obtinentia,
467 711 504 754 au
527 702 562 754 et
586 695 636 754 illa
660 694 691 754 in
716 695 849 770 aliquem
871 696 986 756 cultum
1006 697 1165 772 descripta

179 781 248 842 sint.
264 781 334 840 huic
349 779 532 839 cohaereant
546 778 674 853 mundo,
690 795 728 838 au
743 779 835 853 louge
848 779 887 838 ab
901 779 960 839 boc
976 781 1165 840 secesserint

179 874 210 924 et
224 863 254 922 in
271 880 368 926 vacuo
385 863 567 923 volutentur.
596 862 753 922 individua
767 863 842 936 sint,
863 878 921 937 per
942 879 1021 938 quae
1036 865 1166 942 struitur

179 963 270 1008 omne
291 947 374 1021 quod
396 953 497 1006 natum
519 946 712 1021 futurumque
739 953 799 1020 est,
827 962 864 1006 an
886 947 1031 1011 continua
1053 963 1166 1012 eorum

178 1030 305 1091 materia
325 1031 365 1090 sit
384 1038 414 1090 et
434 1045 491 1104 per
505 1037 598 1091 totum
614 1029 774 1090 mutabilis.
802 1036 902 1090 utrum
918 1030 1071 1092 contraria
1085 1032 1167 1090 inter

180 1131 215 1174 se
230 1116 379 1173 elementa
394 1115 467 1185 sint,
492 1130 530 1174 an
552 1130 612 1174 non
632 1120 780 1189 pugnent,
802 1113 859 1174 sed
881 1129 936 1187 per
950 1113 1074 1178 diversa
1090 1131 1163 1175 con-

148 1199 305 1273 aspirent.
334 1198 383 1258 Ad
398 1197 475 1256 haec
496 1198 671 1272 quaerenda
692 1204 798 1270 natm,
824 1195 966 1271 aestima,
993 1214 1085 1274 quam
1100 1215 1166 1260 uon

179 1283 305 1342 multum
321 1279 650 1356 acceperittemporis,
673 1279 791 1341 etiamsi
811 1280 996 1342 illud'totum
1017 1281 1076 1341 sibi
1097 1283 1164 1342 vin-

180 1366 269 1438 dicat,
286 1365 334 1425 cui
349 1367 419 1426 licet
433 1365 505 1427 nihil
521 1363 662 1426 facilitate
676 1365 761 1440 eripi,
777 1365 849 1424 nilrll
862 1366 1054 1438 neglegentia
1066 1365 1164 1441 palia·
1221 1369 1226 1378 “

179 1456 228 1508 tur
242 1449 400 1522 excidere,
422 1448 491 1508 licet
504 1448 606 1508 horus
618 1465 691 1508 suas
707 1447 887 1508 avarissime
901 1455 1004 1508 servet
1017 1456 1048 1509 et
1061 1465 1167 1524 usque

179 1534 209 1593 in
227 1534 359 1593 ultimum
375 1533 482 1592 aetatis
497 1532 648 1592 humanae
667 1532 826 1592 terminum
841 1532 990 1608 procedat
1004 1548 1061 1592 nee
1076 1533 1164 1608 quic-

181 1633 273 1692 quum
288 1616 329 1675 illi
345 1631 383 1672 ex
399 1631 446 1689 eo,
462 1615 545 1690 quod
560 1621 667 1674 natura
682 1613 844 1690 constituit,
861 1615 981 1676 lortuna
993 1617 1167 1678 concutiam

176 1709 281 1758 tumen
303 1699 395 1758 bomo
417 1700 455 1758 ad
475 1698 676 1759 inmortalium
692 1697 897 1774 cognitionem
912 1697 1002 1760 nimis
1025 1701 1164 1763 mortalis

149 1789 235 1846 sest.
263 1783 343 1856 Ergo
360 1783 528 1844 secundum
544 1789 679 1843 naturam
693 1783 780 1856 vivo,
803 1783 829 1843 si
844 1788 940 1844 totum
962 1799 1011 1843 me
1024 1783 1066 1844 illi
1081 1784 1163 1858 dedi,

181 1865 209 1926 si
229 1866 310 1927 iltius
334 1865 498 1928 admirator
512 1868 673 1942 cultorque
692 1883 769 1927 sum.
797 1872 906 1928 nature
927 1874 1028 1928 autem
1048 1875 1164 1928 utrum·
1267 1879 1268 1952 ᾗ

183 1967 243 2026 que
264 1951 366 2010 iacere
387 1951 559 2021 mavoluit,
585 1957 615 2010 et
630 1965 722 2024 agere
737 1957 767 2010 et
781 1949 1028 2024 contemplationi
1039 1966 1165 2012 vacare.

180 2041 343 2108 utrumque
364 2035 459 2108 iaci0,
487 2034 630 2168 quoniam
651 2049 690 2094 uc
710 2033 927 2110 contemplatio
948 2033 1072 2110 quidem
1095 2033 1165 2094 siue
1267 2075 1268 2114 p

181 2118 302 2177 actione
317 2124 374 2177 est.

152 2217 169 2269 1
242 2201 294 2258 Vl.
318 2199 402 2272 „Sed
416 2200 550 2272 relerts
542 2199 660 2276 unquis,
681 2217 719 2260 an
735 2201 775 2262 ad
789 2201 870 2262 illam
884 2200 1050 2277 voluptatis
1067 2217 1165 2262 causa
1267 2177 1268 2186 ἵ

182 2284 349 2344 accesserit
369 2283 447 2342 nibil
462 2284 544 2344 aliud
559 2301 598 2344 ex
611 2286 662 2344 illa
680 2293 788 2360 petens
804 2301 895 2367 quam
910 2285 1072 2348 adsiduam
1088 2302 1163 2346 con

181 2368 407 2443 temptationem
430 2369 497 2428 siue
513 2369 604 2430 exitu.
632 2377 680 2429 est
694 2369 773 2428 euim
789 2369 933 2432 dulciset
921 2369 1037 2430 thabat
1050 2369 1164 2429 inleee

180 2451 253 2510 bras
272 2468 355 2512 suas.
360 2458 378 2486 “
405 2453 567 2513 Aduersus
582 2453 642 2512 hoc
657 2453 710 2514 tibi
723 2433 914 2528 respondeo:
936 2455 1046 2530 Aeque
1059 2453 1163 2527 reiert,

182 2553 244 2611 quo
260 2537 360 2597 auimo
382 2535 501 2596 civilem
523 2552 597 2612 agas
619 2535 726 2611 vitam,
750 2553 788 2596 an
810 2553 933 2613 semper
947 2537 1101 2613 inquietus
1117 2537 1163 2596 sis

180 2636 239 2682 nec
259 2637 403 2696 umquam
426 2636 530 2680 sumas
549 2621 673 2680 ullumt
661 2627 797 2696 ctmpus,
824 2638 886 2697 quo
908 2623 946 2682 ab
966 2621 1106 2681 humanis
1122 2621 1164 2680 ad
1267 2599 1268 2662 Ῑ

150 2703 462 2786 2divinarespicias.
493 2704 652 2778 Quomodo
672 2719 723 2764 res
745 2705 891 2780 adpetere
911 2705 978 2766 sine
992 2705 1054 2766 ullo
1068 2704 1164 2764 virtu-

182 2795 243 2847 tum
265 2803 370 2846 amore
392 2795 422 2847 et
441 2788 507 2848 sine
529 2789 611 2848 cultu
631 2789 743 2863 ingenii
764 2803 801 2848 ac
821 2789 921 2850 nudas
939 2789 1032 2848 cdere
1047 2803 1164 2863 operas

180 2869 302 2930 minime
319 2871 475 2944 probabile
498 2881 559 2947 est,
581 2873 703 2932 misceri
724 2872 803 2931 enim
825 2873 882 2932 ista
902 2873 980 2934 inter
994 2888 1029 2932 se
1044 2881 1074 2932 et
1088 2887 1164 2930 con-

181 2955 244 3014 seri
258 2955 384 3014 debent:
408 2955 453 3014 sic
473 2955 671 3028 inperfectum
693 2972 730 3015 ac
752 2955 927 3030 languidum
941 2956 1054 3018 bonum
1070 2963 1118 3014 est
1132 2955 1165 3014 in

181 3040 274 3099 otium
290 3037 356 3098 sine
371 3045 440 3098 ectu
456 3039 593 3113 proiecto
608 3039 717 3112 virtuS,
741 3055 905 3113 numquam
920 3040 966 3113 id,
986 3039 1070 3116 quod
1084 3037 1164 3098 didi-

148 3123 234 3196 ecit,
257 3123 433 3182 ostendens.
464 3122 536 3196 Quris
558 3130 648 3198 negat
670 3123 749 3182 illam
772 3123 885 3184 debere
906 3123 1063 3199 proiectus
1084 3137 1166 3184 suos

180 3207 210 3265 in
227 3221 321 3281 opere
336 3213 506 3279 temptarer
532 3221 589 3266 nec
603 3213 718 3267 tantum
734 3207 807 3282 quid
824 3207 994 3268 laciendum
1011 3207 1059 3282 sit,
1078 3205 1165 3279 cogi·

181 3299 260 3362 tare,
282 3289 338 3350 scd
358 3289 447 3348 etiam
469 3289 634 3364 aliquando
657 3306 776 3350 manum
798 3306 943 3350 exercerc
957 3299 987 3351 ct
1005 3305 1056 3364 ea,
1080 3303 1165 3363 quae
1267 3355 1268 3366 χ

178 3373 324 3432 meditata
344 3379 429 3443 sunt,
452 3371 491 3430 ad
514 3389 618 3432 verum
633 3373 826 3448 perduceret
854 3373 931 3448 Quid
948 3375 975 3435 sl
991 3372 1165 3450 peripsum

177 3454 351 3533 sapientem
366 3469 427 3514 non
442 3461 490 3514 est
509 3471 608 3532 mora,
629 3455 656 3516 si
671 3472 731 3518 non
746 3462 831 3518 actor
846 3457 946 3535 deest,
969 3457 1026 3518 sed
1040 3455 1165 3532 agenda
