2528 3906
114 783 142 808 Ὃ

198 221 240 285 90
323 310 326 315 .
483 225 516 282 u.
539 223 685 284 Annum
710 221 885 284 sennenn

198 395 264 442 sain
280 377 434 438 detinebat
455 383 485 436 et
505 376 604 437 stabat
618 391 804 450 percussuro
823 375 939 435 similis.
969 377 1175 454 interrogatus

197 461 309 522 deiude
337 462 375 521 ab
394 461 509 534 amico,
539 458 593 536 qui
617 460 694 520 iorte
715 460 933 534 intervenerat,
958 459 1032 536 quid
1052 469 1175 536 ageret:
1250 485 1251 494 κ

165 553 183 608 6
197 547 324 620 ,‚exigo,
340 545 452 620 inquit,
468 559 586 620 poenas
602 543 640 604 ab
655 541 778 604 homine
792 543 971 604 iracundo.“
1004 544 1096 606 Velut
1111 555 1168 607 stu·

196 645 275 704 pens
291 635 411 703 gestum
432 628 515 688 illum
531 625 676 689 saevituri
697 627 865 688 deformem
880 627 1012 703 sapienti
1027 627 1093 688 viro
1110 645 1174 690 ser
1251 677 1252 684 ,

196 714 297 786 vabat,
313 712 424 774 oblitus
439 711 498 772 iam
514 713 610 784 servi,
628 711 699 786 qnia
714 711 807 772 alium
822 726 913 786 quem
927 710 1028 786 potius
1044 713 1175 788 castiga·
1251 719 1252 754 ³

195 804 242 857 ret
256 797 424 856 invenerat.
453 795 556 870 itaque
579 795 702 856 abstulit
716 793 774 855 sibi
788 795 818 854 in
842 810 918 855 suos
941 802 1124 869 potestatem
1145 803 1176 856 et

196 880 236 940 ob
248 885 406 955 peccatum
420 877 575 954 quoddam
584 879 778 939 commotior:
793 885 855 953 „tu,
867 878 972 954 inquit,
986 877 1175 954 Speusippe,

196 963 350 1023 seruolum
372 962 463 1024 istum
483 962 662 1044 verberibus
685 961 827 1037 obiurga:
855 977 924 1021 nam
944 977 1002 1038 ego
1017 963 1176 1024 irascor.“

164 1051 180 1107 7
198 1045 242 1106 Ob
261 1045 320 1108 hoc
341 1063 402 1108 non
424 1045 543 1120 cecidit,
566 1047 691 1122 propter
706 1046 788 1122 quod
802 1045 879 1106 alius
895 1046 1067 1108 cecidisset.
1112 1047 1175 1106 lra-

197 1147 282 1205 scor,
298 1130 411 1206 inquit:
428 1131 497 1205 plus
513 1131 621 1190 faciam
638 1146 729 1204 quam
745 1135 874 1204 oportet,
890 1130 1032 1191 libentius
1048 1131 1175 1190 faciam:

196 1213 312 1274 nonsit
332 1213 391 1275 iste
410 1230 519 1274 servus
534 1215 564 1274 in
584 1215 651 1275 eius
667 1221 818 1294 potestate
834 1215 886 1289 qui
903 1213 934 1272 in
952 1229 1009 1274 sua
1030 1231 1090 1274 uon
1114 1223 1172 1276 cst.

195 1298 315 1372 Aliquis
327 1299 391 1359 vult
408 1299 485 1358 irato
501 1297 645 1358 committi
659 1298 819 1371 ultionem,
842 1313 910 1358 cum
925 1295 1008 1358 Plato
1031 1298 1089 1358 sibi
1104 1299 1175 1373 ipse

197 1382 356 1458 imperium
380 1382 594 1456 abrogaverat
626 1381 705 1442 Nihil
726 1381 778 1440 tibi
799 1379 902 1454 liceat,
924 1381 996 1441 dum
1019 1380 1175 1442 irasceris.
1253 1403 1254 1444 t

200 1473 316 1542 quare?
338 1466 410 1541 quia
424 1466 470 1525 vis
487 1466 587 1526 omnia
601 1465 702 1524 licere.
769 1531 775 1544 Ι

166 1559 181 1610 1
258 1548 337 1609 Xlll.
357 1549 582 1624 Pugnatecum
603 1549 687 1622 ipse:
709 1549 735 1608 si
756 1549 880 1608 vincere
901 1547 977 1608 iram
997 1565 1056 1610 uon
1074 1556 1174 1624 potes,

196 1642 226 1694 te
241 1633 291 1692 illa
311 1633 417 1707 incipit
438 1633 569 1692 vincere.
605 1632 632 1691 si
652 1630 859 1707 absconditur,
881 1632 906 1692 si
927 1632 968 1691 illi
991 1632 1091 1692 exitus
1112 1648 1176 1693 non

198 1717 295 1788 datur,
318 1717 406 1791 sigua
420 1717 487 1777 eius
503 1715 668 1777 obruamus
684 1723 714 1776 et
733 1717 814 1776 illam
831 1724 975 1790 quantum
990 1716 1062 1776 lieri·
1071 1723 1177 1790 potest
1254 1757 1255 1790 2

166 1799 348 1860 aoccultam
364 1807 575 1875 secretamque
597 1808 765 1861 teneamus.
804 1800 1003 1874 cummagno
1019 1799 1049 1860 id
1067 1808 1177 1860 nostra
1254 1811 1255 1814 ’

196 1882 337 1944 molestia
352 1883 412 1945 fiet.
443 1884 527 1959 cupit
546 1884 626 1942 enim
641 1883 765 1944 exsilire
781 1891 811 1944 ct
828 1882 992 1944 incendere
1014 1885 1122 1944 oculos
1144 1891 1177 1944 et

197 1974 313 2028 mutare
333 1968 452 2028 taciem.
475 1968 529 2028 scd
544 1968 570 2028 si
585 1967 718 2027 eminere
733 1965 774 2026 illi
787 1974 873 2026 extra
888 1983 945 2028 nos
966 1967 1058 2041 licuit,
1080 1983 1177 2042 supra

197 2067 255 2111 nos
271 2059 327 2112 est.
370 2053 404 2111 ln
422 2051 482 2111 imo
498 2052 630 2126 pectoris
646 2065 775 2111 secessu
788 2050 973 2111 recondatur
988 2052 1175 2125 feraturque,
1255 2057 1256 2080 ³

198 2151 259 2194 non
275 2135 359 2194 ierat.
395 2136 484 2193 immo
500 2134 530 2192 in
546 2133 728 2194 contrarium
743 2135 844 2195 omnia
860 2135 926 2195 eius
941 2133 1053 2194 indicia
1069 2134 1176 2194 ilecto-

199 2233 282 2278 mus=
315 2220 416 2278 voltus
432 2217 611 2290 remittatur,
631 2233 694 2278 vox
714 2218 811 2279 lenior
832 2218 886 2290 sit,
916 2219 1030 2292 gradus
1054 2219 1176 2278 lentior.

166 2299 342 2375 spaulatim
364 2317 432 2362 cum
453 2302 654 2362 exterioribus
676 2300 819 2362 interiora
841 2302 1016 2362 formantur.
1067 2303 1100 2360 ln
1116 2301 1176 2362 So-

199 2392 280 2444 crate
300 2383 363 2444 irae
378 2386 497 2461 signum
513 2393 577 2446 erat
592 2402 699 2447 vocem
721 2385 911 2459 submittere,
934 2385 1019 2460 loqui
1039 2385 1176 2459 parcius.

198 2467 366 2542 adparebat
380 2475 451 2529 tunc
471 2467 554 2530 illum
569 2469 627 2530 sibi
649 2469 782 2530 obstare.
810 2468 1098 2544 deprehendebatur
1118 2469 1176 2530 ita-

199 2567 292 2627 quea
315 2553 512 2613 familiaribus
533 2562 563 2614 ct
585 2552 814 2628 coarguebatur,
837 2568 894 2613 nec
914 2559 979 2612 erat
999 2552 1041 2611 illi
1061 2567 1177 2628 expro-

197 2635 295 2697 bratio
309 2635 453 2698 latitantis
468 2637 531 2696 irae
546 2638 671 2712 ingrata.
708 2636 813 2711 quidni
826 2637 981 2711 gauderet,
999 2636 1082 2710 quod
1097 2635 1176 2696 iram

199 2737 284 2778 suam
297 2720 381 2781 multi
392 2720 608 2796 intellegerent,
621 2736 710 2780 nemo
723 2721 868 2780 sentiret?
883 2719 1054 2780 sensissent
1062 2727 1176 2794 autern,

199 2803 258 2862 nisi
273 2802 321 2863 ius
337 2804 442 2864 amicis
459 2805 639 2880 obiurgandi
662 2817 697 2864 se
717 2803 863 2877 dedisset,
886 2805 965 2864 sicut
985 2803 1052 2878 ipse
1070 2803 1128 2862 sibi
1144 2804 1176 2862 iu

166 2887 312 2946 canticos
335 2897 516 2963 sumpserat.
552 2888 669 2962 Quanto
691 2887 787 2961 magis
808 2887 868 2949 hoc
889 2887 977 2947 nobis
1001 2886 1177 2948 laciendum

199 2975 266 3028 cstl
285 2985 429 3044 rogemus
444 2971 661 3032 amicissimum
677 2986 837 3046 quemque,
855 2977 889 3031 ut
903 2977 975 3031 tunc
990 2971 1122 3030 maxime
1139 2970 1176 3030 li-

198 3053 314 3113 bertate
329 3054 479 3114 adversus
497 3071 555 3115 nos
570 3063 678 3128 utatur,
695 3070 763 3113 cum
778 3055 900 3114 minime
914 3055 995 3113 illam
1011 3055 1072 3128 pati
1087 3061 1177 3128 pote-

198 3136 302 3209 rimus,
318 3153 375 3197 nec
393 3137 580 3200 adsentiatur
593 3140 656 3198 irae
677 3145 810 3198 nostrae.
835 3145 941 3200 contra
955 3137 1047 3215 [nos]
1063 3145 1177 3212 potens

199 3221 309 3280 malum
333 3229 363 3283 et
382 3223 466 3297 apud
487 3239 545 3283 nos
564 3223 740 3297 gratiosum,
763 3222 835 3282 dum
856 3222 1074 3296 conspicimus
1100 3221 1178 3280 dum

167 3304 295 3366 anostri
307 3321 422 3380 sumus,
438 3305 635 3366 advocemus.
659 3304 715 3380 Qui
726 3305 914 3366 vinummale
931 3303 1177 3366 leruutetebrie-

199 3387 268 3448 tatis
284 3404 359 3450 suae
379 3392 575 3450 temeritatem
597 3405 632 3449 ac
647 3389 843 3464 petulantiam
864 3395 1007 3461 metuont,
1029 3388 1179 3450 mandant

199 3470 274 3545 sniS,
289 3478 323 3532 ut
337 3487 354 3532 e
369 3471 511 3533 convivio
525 3473 710 3533 auferantur.
739 3473 1002 3548 intemperantiam
1018 3471 1048 3532 in
1064 3471 1177 3533 morbo
