2546 3890
200 253 263 318 262
391 263 398 286 ³
487 253 521 312 L.
540 249 687 312 ANNAEI
708 250 884 313 SENECAE
912 241 915 245 ⁵

242 400 440 476 credamini,
461 401 543 462 vires
558 402 676 476 aliquas
692 408 800 462 natura
813 400 984 477 sepulchris
1160 415 1178 466 5

283 485 440 547 Attribuit=
460 485 592 546 tumulos
606 485 740 546 vindicat
753 484 860 546 umbra
874 489 959 546 suos.

241 570 333 646 Ipsos
349 569 441 630 crede
455 569 532 629 deos
547 567 607 629 hoc
620 585 701 629 nunc
715 568 774 628 tihi.
783 567 901 642 dicere,
924 567 1017 645 livor,

284 654 350 714 Hoc
364 653 418 713 tibi
433 667 513 714 nunc
527 667 632 712 manes
648 651 751 712 dicere
766 652 858 712 crode
873 667 974 713 meos=

240 738 303 798 Res
317 743 366 798 est
380 751 483 810 sacra,
503 735 605 796 miser.
633 735 695 795 noli
710 750 777 795 mea
791 741 916 812 tangere
932 736 1003 796 iata.

284 820 458 895 Sacrilegae
471 819 569 880 bustis
585 819 759 880 abstinuere
773 834 892 879 manus.
1097 812 1103 832 ‘
1141 829 1176 882 10

283 921 313 964 v.
631 918 730 962 rruu.

241 983 380 1047 cannino
392 987 548 1048 mortifero
563 994 614 1047 tua
627 994 699 1048 sunt
712 985 831 1048 suffusa
844 1001 980 1060 veneno,

280 1071 318 1130 Et
333 1078 404 1132 sunt
417 1069 593 1131 criminibus
608 1077 735 1146 pectora
749 1071 835 1146 nigra
849 1070 957 1146 magis.

238 1155 333 1215 Nemo
347 1162 418 1216 tuos
432 1155 542 1230 fugiat,
564 1171 626 1216 non
642 1154 704 1229 vir,
726 1169 787 1214 non
802 1151 915 1216 lemine
928 1153 1053 1230 dentes,

279 1238 369 1298 Haud
385 1254 474 1314 puer,
496 1237 578 1298 haud
593 1245 679 1298 aetas
692 1238 830 1315 undique
844 1244 909 1300 tuta
923 1237 1021 1312 senis,

239 1323 340 1398 thue
355 1321 459 1383 furens
473 1329 554 1383 totas
567 1319 696 1383 Immittit
710 1337 787 1383 saxa
802 1337 858 1397 per
870 1322 963 1383 urbes
1154 1333 1171 1382 5

281 1407 316 1466 ln
331 1408 492 1481 populum,
515 1406 561 1466 sic
575 1413 608 1467 tu
621 1405 717 1466 verba
730 1406 863 1481 maligna
876 1405 961 1467 iacis.

241 1489 304 1550 Sed
318 1490 398 1551 solat
408 1491 537 1550 insanos
551 1490 686 1566 populus
700 1503 901 1565 compescere
915 1505 1025 1564 sanus,

280 1573 319 1634 Et
331 1579 473 1648 repetunt
488 1580 602 1634 motum
615 1589 692 1634 saxa
705 1574 836 1635 remissa
850 1581 952 1650 caput.

239 1658 274 1716 ln
288 1662 318 1716 to
332 1672 413 1718 nuuc
427 1657 547 1732 stringit
560 1657 660 1718 nullus
675 1674 737 1719 nou
751 1657 886 1719 carmina
898 1665 1001 1734 vates,

280 1739 378 1815 lnque
394 1747 474 1801 tuam
488 1739 603 1802 rabiem
618 1741 741 1817 publica
753 1741 844 1803 Musa
857 1741 937 1804 iurit.
1141 1753 1172 1803 to

238 1825 316 1885 Dum
331 1839 388 1884 sua
404 1824 582 1900 conpositus
597 1825 732 1888 nondum
746 1826 826 1887 bene
841 1824 976 1888 concutit
989 1841 1075 1886 arma

148 1987 150 1990 Ι
280 1907 385 1984 Miles,
405 1909 428 1970 it
442 1925 459 1968 e
474 1915 579 1970 nostra
593 1911 699 1970 lancea
711 1916 792 1972 torto
804 1925 906 1976 mauu.

239 1992 343 2054 Bellus
357 1991 464 2068 homo,
487 1999 517 2052 et
532 1993 630 2054 valide
645 1993 787 2069 capitalia
801 1994 939 2056 carmina
951 1992 1047 2068 ludis,

281 2075 389 2151 Deque
404 2076 465 2137 tuis
479 2084 602 2138 manant
615 2084 680 2138 atra
693 2092 813 2138 venena
826 2079 914 2140 iocis.
994 2105 1003 2120 e

240 2158 303 2218 Sed
316 2166 349 2220 tu
363 2175 481 2236 perque
495 2161 596 2221 iocum
610 2161 687 2222 dicis
699 2162 879 2238 vinumque=
902 2162 976 2240 quid
987 2161 1026 2222 ad
1038 2175 1118 2236 rem,
1135 2169 1169 2222 15

282 2239 315 2302 Si
330 2243 463 2318 plorem,
484 2243 565 2306 risus
580 2243 608 2304 si
622 2252 692 2306 tuus
707 2246 766 2306 ista
779 2246 872 2307 taciti

237 2324 338 2398 Quare
351 2327 425 2386 tolle
438 2325 540 2388 iocos:
562 2345 624 2389 non
638 2336 686 2390 est
700 2330 787 2391 iocus
802 2345 874 2392 esse
888 2328 1061 2406 malignum.

279 2408 451 2486 Numquam
464 2417 536 2472 sunt
549 2413 640 2488 grati,
663 2412 716 2488 qui
731 2429 865 2475 nocuere
880 2414 971 2476 sales.

279 2509 322 2551 vr.
562 2513 608 2556 nn
631 2513 788 2557 nurcuu.

239 2577 359 2652 crispe,
381 2579 578 2654 meaevires,
600 2582 813 2656 lassarumque
828 2597 941 2643 ancora
953 2596 1070 2656 rerum,

280 2659 401 2738 Crispe,
421 2663 471 2722 vel
488 2662 613 2740 antiquo
628 2663 848 2740 conspiciende
862 2665 946 2726 loro:

239 2743 346 2820 Crispe
361 2752 472 2820 potens
486 2760 665 2824 numquam,
683 2747 742 2808 nisi
756 2763 825 2808 curn
838 2749 990 2824 prodesse
1002 2746 1142 2817 volebas,

278 2827 443 2904 Naufragio
458 2829 539 2890 littus
555 2836 681 2906 tutaque
694 2837 775 2892 terra
785 2847 870 2908 meo,

239 2911 330 2973 Solus
345 2910 444 2972 honor
457 2912 547 2974 nobis
561 2930 617 2973 arx
631 2921 662 2974 et
675 2914 826 2976 tutissima
840 2916 929 2976 nobis
1147 2923 1164 2974 5

124 3066 130 3078 Ι
278 2995 316 3058 Et
330 3011 410 3056 nunc
425 2994 538 3057 aillicto
552 2999 620 3058 sola
635 2999 723 3072 quies
739 2997 855 3058 auimo·

237 3080 357 3155 Crispe,
380 3080 459 3141 iides
475 3079 587 3155 dulcis,
610 3081 784 3156 placidique
798 3081 946 3143 acerrima
959 3079 1068 3156 virtus,
1110 3097 1114 3104 ·

279 3163 372 3224 Cuius
387 3163 536 3239 cecropio
551 3173 677 3239 pectora
690 3166 779 3226 melle
794 3166 932 3228 madent=

236 3245 368 3305 Maxima
381 3246 514 3307 facundo
528 3249 578 3307 vel
592 3263 650 3308 avo
666 3250 713 3308 vel
727 3249 824 3323 gloria
840 3249 934 3325 patri,

278 3325 345 3398 Quo
359 3328 427 3388 solo
443 3336 545 3391 careat
558 3330 586 3391 si
600 3331 684 3406 quis,
707 3333 738 3391 iu
752 3332 861 3394 exsilio
876 3338 938 3393 esta
1130 3340 1166 3392 lo

238 3409 284 3468 An
301 3413 368 3481 tua,
390 3409 443 3483 qui
457 3409 544 3473 iaceo
559 3415 644 3475 saxis
659 3413 774 3475 telluris
790 3415 977 3488 adhaerens,

277 3489 365 3561 Meus
380 3507 498 3553 mecum
512 3504 574 3570 est,
594 3499 676 3558 nulla
691 3510 770 3574 quae
785 3499 943 3560 cohibetur
955 3499 1068 3557 humor
1121 3563 1124 3568 ,
