2522 3906
240 271 338 330 DIAL.
360 272 409 329 tlt.
445 271 497 330 DE
519 271 587 330 lita
607 271 679 330 LlB.
701 272 723 328 i.
745 279 877 333 lit-16.
1005 269 1045 333 47

91 424 201 498 ligimus
215 438 305 484 canes
321 431 350 483 et
364 433 478 484 uuoem
494 431 588 500 atque
602 425 824 485 immansuetum
839 427 949 487 bovem
965 429 1045 490 occi-

90 509 170 566 dimus
185 517 212 568 et
224 507 369 568 morbidis
384 508 566 582 pecoribus,
582 523 621 567 ne
635 523 759 583 gregem
773 511 918 583 polluant,
934 511 1045 571 terrum

90 592 258 652 demittimus.
281 598 477 666 portentosos
492 592 572 652 letus
587 591 825 668 exstinguimus,
840 594 953 656 liberos
970 611 1045 669 quo-

90 691 147 748 que,
170 675 194 735 si
216 675 330 735 debiles
352 675 581 750 monstrosique
595 674 668 736 editi
683 683 768 751 sunt,
783 678 958 750 mergimus.
988 694 1046 736 nec

90 758 134 831 ira,
152 759 204 817 sed
222 758 298 819 ratio
320 767 367 819 est
387 775 405 818 a
425 760 510 819 sanis
531 759 648 819 inutilia
669 775 840 820 secernere.
878 760 926 822 Nil
947 761 1074 822 minus3

90 857 161 914 quam
179 843 267 901 irasci
282 843 456 917 punientem
473 844 575 915 decet,
598 859 666 902 cum
681 859 718 902 eo
733 845 830 919 magis
845 847 885 904 ed
902 845 1045 905 emenda-

35 937 36 968 1
89 925 178 984 donem
192 941 291 999 poena
305 927 460 1002 proficiat,
477 927 503 986 si
518 925 631 988 iudicio
646 928 706 987 lata
720 936 776 988 est.
799 929 874 988 lnde
889 937 944 1004 est,
962 931 1046 1004 quod

35 1059 36 1074 ,
89 1007 209 1068 Socrates
230 1025 322 1069 servo
343 1011 399 1070 ait:
420 1012 576 1071 caederem
590 1017 632 1084 te,
649 1013 709 1070 aisa·
721 1015 879 1073 irascerer.
908 1012 1045 1073 admoni-

35 1123 36 1130 .
86 1092 178 1151 tionem
198 1095 278 1153 servi
299 1093 328 1153 in
349 1101 472 1169 tempus
494 1093 600 1154 sanius
623 1093 751 1167 distulit,
779 1097 830 1155 illo
852 1104 989 1170 tempore
1010 1113 1045 1156 se

36 1245 37 1248 Ἴ
86 1177 232 1237 admonuit:
254 1179 342 1239 cuius
365 1179 421 1238 erit
441 1185 500 1237 tam
523 1185 710 1252 temperatus
726 1180 880 1252 adlectuS,
904 1195 971 1239 cum
988 1179 1044 1240 So-

36 1273 37 1296 l
86 1268 164 1320 crates
181 1276 240 1320 non
258 1263 298 1323 sit
309 1278 407 1322 ausus
423 1277 457 1321 se
472 1261 535 1321 irae
551 1261 758 1322 committeret

36 1391 37 1394 η
132 1345 203 1404 XVI.
229 1346 313 1420 tergo
335 1346 375 1406 ad
396 1345 611 1406 coercitionem
631 1345 794 1405 errantium
813 1343 1072 1408 sceleratorum-l
1101 1406 1104 1410 .

86 1444 131 1501 que
142 1429 212 1488 irato
229 1431 413 1504 castigatore
428 1446 490 1490 non
505 1446 585 1504 opus
600 1437 656 1489 est.
678 1446 748 1488 narn
764 1446 832 1489 cum
847 1431 892 1491 ira
903 1431 1043 1490 delictum

85 1513 157 1571 animi
170 1514 221 1587 sit,
237 1529 300 1573 non
317 1520 437 1588 oportet
451 1520 579 1587 peccata
591 1514 743 1588 corrigere
759 1523 945 1589 peccantem.
968 1513 1045 1586 Quid

84 1603 161 1669 ergol
177 1613 237 1656 non
252 1598 371 1658 irascar
384 1599 515 1658 latroni?
535 1597 611 1670 Quid
627 1605 722 1672 ergot
741 1613 801 1656 non
823 1599 938 1657 irascar
952 1613 1044 1656 vene-

84 1679 148 1739 iooi
162 1681 235 1744 Non.
259 1697 360 1754 neque
376 1681 454 1740 enirn
469 1680 541 1743 mihi
556 1682 682 1759 irascor,
699 1698 767 1741 cum
783 1682 962 1757 sanguinem
978 1681 1044 1741 rnil-

84 1769 114 1820 to.
139 1780 221 1826 omne
235 1781 357 1840 poenae
371 1781 469 1839 genus
484 1765 610 1824 remedii
626 1766 694 1826 loco
707 1766 867 1826 admoveo.
888 1766 932 1826 Tu
943 1755 1073 1825 adbuo2

83 1845 203 1921 inprime
217 1857 306 1924 parte
322 1850 454 1908 verseris
472 1865 610 1909 errorum
624 1865 681 1908 nec
696 1849 827 1924 graviter
841 1849 969 1920 laberis,
988 1849 1044 1908 sed

84 1929 254 2006 frequenter:
277 1933 446 2008 obiurgatio
467 1941 497 1993 te
517 1933 647 2008 prinlum
663 1940 796 2006 secreta,
819 1933 931 1990 deinde
948 1933 1043 2006 publi-

84 2021 135 2074 cala
145 2018 307 2078 emendare
317 2017 484 2092 temptabit.
501 2026 532 2078 tu
543 2016 665 2091 longius
677 2017 734 2076 iem
749 2016 935 2091 processisti.
953 2031 1044 2090 quam

84 2105 107 2155 ut
119 2103 213 2172 possis
228 2099 333 2160 verbis
349 2103 467 2161 sanari:
490 2101 655 2177 ignominia
671 2101 885 2160 contineberis.
914 2100 966 2159 libi
983 2101 1044 2158 ior·

84 2179 130 2242 llus
144 2185 257 2260 aliquid
273 2193 302 2245 et
317 2186 401 2260 quod
416 2187 530 2246 sentias
552 2185 731 2246 inurendum
747 2193 809 2245 est=
831 2185 860 2244 in
876 2185 999 2244 exilium
1015 2191 1045 2242 et

83 2265 137 2326 loca
149 2268 249 2342 ignota
265 2268 400 2330 mitteris.
429 2270 458 2328 in
474 2277 503 2330 te
518 2269 640 2329 duriora
654 2270 789 2328 remedia
803 2269 977 2329 iamsolida
991 2283 1043 2325 ne-

85 2349 161 2420 quitia
181 2354 351 2414 desiderat:
373 2360 403 2412 et
422 2354 545 2416 vincula
565 2353 686 2428 publica
704 2361 734 2412 et
754 2369 859 2412 carcer
873 2351 1043 2411 adhibetur.

82 2432 123 2491 libi
135 2436 309 2500 insanabilis
325 2437 444 2499 enimus
460 2445 490 2498 et
504 2437 671 2498 sceleribus
689 2439 807 2497 scelera
822 2443 999 2505 contexens,
1016 2432 1072 2491 et3

84 2514 129 2574 iam
141 2535 197 2580 non
213 2521 334 2594 perusie,
351 2537 431 2596 quae
445 2537 609 2596 numquam
624 2523 702 2580 malo
720 2520 877 2580 defuturae
892 2524 978 2589 sunt,
1000 2517 1050 2574 in-‘

83 2599 200 2678 pelleris,
228 2605 288 2664 sed
309 2605 382 2664 satis
410 2603 463 2664 tibi
483 2612 530 2665 est
549 2621 659 2679 magna
679 2605 718 2662 ad
742 2603 931 2678 peccandum
951 2615 1045 2658 causa

84 2696 207 2760 peccare,
223 2687 384 2764 perbibisti
398 2687 563 2763 nequitiem
578 2697 608 2748 et
620 2689 661 2748 ita
670 2687 841 2746 visceribus
855 2681 1044 2758 inmiscuisti,
1093 2700 1095 2705 ·

84 2771 108 2825 ut
119 2769 168 2830 nisi
184 2787 252 2831 cum
269 2773 347 2846 ipsis
363 2773 446 2832 exire
461 2789 522 2832 non
537 2773 653 2847 possit:
668 2769 738 2832 olim
753 2769 846 2830 miser
859 2769 936 2829 mori
952 2783 1044 2843 quae-

36 2895 37 2908 .
82 2849 126 2924 ris,
141 2853 217 2914 bene
232 2856 272 2915 de
287 2863 317 2915 te
331 2857 721 2927 merebimur,-auleremus
743 2853 797 2914 libi
812 2855 899 2914 islam
916 2869 978 2928 qua
992 2868 1044 2911 ve-

83 2936 150 2996 raris
169 2938 321 2999 insaniam
336 2947 365 3000 et
384 2956 440 3014 per
454 2947 506 3000 lua
520 2941 681 3014 alienaque
698 2940 831 2999 volutato
847 2937 1000 3014 supplicia
1014 2937 1046 2995 id

84 3021 151 3088 quod
166 3039 258 3082 unum
274 3023 327 3082 tibi
343 3024 456 3084 bonum
472 3029 615 3099 superest
627 3023 942 3097 repraesentabimus
964 3035 1045 3081 mor·

83 3106 137 3162 tem.
164 3105 386 3180 quareirascar
397 3107 447 3168 cui
458 3105 667 3169 cummaxime
679 3113 825 3181 prosumt
839 3105 956 3166 interim
968 3103 1045 3178 opli-

35 3185 36 3240 ]
82 3200 147 3246 mum
157 3190 386 3252 misericordiae
397 3207 495 3266 genus
513 3197 561 3252 est
575 3191 725 3250 occidere.
748 3189 781 3250 Si
798 3189 961 3250 intrassem
972 3187 1075 3248 vali-4

82 3271 248 3334 ludinarium
270 3277 454 3336 exercitatus
477 3284 507 3336 et
526 3275 628 3334 sciens
644 3283 696 3334 aut
710 3275 819 3334 domus
836 3273 960 3346 divites,
984 3287 1046 3332 non

81 3349 145 3413 idem
159 3357 361 3433 imperassem
377 3361 517 3420 omnibus
533 3375 588 3433 per
601 3358 724 3417 diversa
735 3357 970 3432 aegrotantibus.
993 3371 1045 3414 va-

81 3433 115 3494 ria
127 3439 154 3498 in
168 3445 215 3502 tot
230 3443 339 3502 animis
355 3443 426 3502 vitia
440 3443 530 3503 video
547 3451 577 3502 et
594 3441 706 3502 civitati
723 3443 876 3502 curandae
893 3436 1045 3499 adbibitus

80 3532 149 3581 sum=
168 3543 227 3601 pro
242 3528 393 3602 caiusque
406 3525 513 3588 morbo
527 3525 678 3586 medicina
695 3531 866 3600 quaeratur.
902 3522 982 3580 bunc
997 3533 1046 3574 sa-
