2546 3890
316 249 368 309 DE
391 247 609 308 CLEMENTIA
630 249 700 307 LlB.
713 248 734 306 Ι.
757 255 889 310 m—ro.
1025 244 1088 309 297

116 401 175 459 ista
188 397 289 458 rabies
304 406 351 460 est
365 401 514 474 sanguine
524 400 659 475 gaudere
670 415 706 459 ac
718 399 910 475 volneribus,
926 407 956 461 et
966 397 1086 461 abiecto

116 482 238 544 bomine
252 483 282 541 in
298 483 437 543 silvestre
451 482 561 542 animal
578 483 716 542 transire.

178 566 271 625 XXV.
293 566 371 640 Quid
392 567 471 626 enim
491 567 629 640 interest,
651 583 706 627 oro
725 575 769 640 te,
792 566 983 642 Alexander,
1005 569 1121 627 teonil

115 648 330 727 Lysimachum
346 650 463 711 obicias
478 665 516 708 an
532 651 600 725 ipse
615 652 732 710 laceres
744 649 887 710 dentibus
900 652 982 712 tuisl
1001 661 1088 711 tuum

115 749 152 794 os
175 740 236 803 est,
260 739 312 792 tua
332 734 383 792 illa
402 733 514 793 teritus.
550 732 681 808 Oquam
697 729 828 809 cuperes
844 733 897 793 tibi
912 733 1014 808 potius
1030 753 1102 794 un·v

114 831 193 892 goes
215 831 302 890 esse,
323 816 377 876 tibi
395 815 503 877 rictum
520 817 603 876 illum
620 817 809 879 edendorum
823 816 979 878 hominum
994 833 1088 893 cape

114 905 203 960 comt
238 899 304 959 Non
323 899 472 974 exigimus
494 908 570 972 ate,
593 907 626 960 ut
640 917 749 961 manus
764 901 837 975 ista,
860 901 984 961 exitium
1000 902 1086 961 lamb

113 983 232 1042 liarium
256 982 471 1058 certissimum,
501 984 553 1042 ulli
575 984 717 1044 salutaris
739 983 796 1058 sil,
825 990 859 1044 ut
883 983 941 1045 iste
966 985 1087 1044 animus

113 1067 217 1136 ferox,
240 1064 409 1127 insatiabile
430 1067 563 1140 gentium
583 1068 709 1141 malum,
732 1067 806 1127 citra
820 1069 1000 1141 sanguinem
1016 1084 1084 1128 cae-

113 1150 246 1223 demque
268 1150 407 1210 satietur=
430 1145 618 1210 clementiam
641 1165 732 1222 voca,
754 1152 806 1210 abi
822 1151 861 1210 ad
883 1151 1088 1211 occidendum

112 1233 244 1292 amicum
265 1233 401 1292 curnilex
421 1233 499 1306 inter
519 1233 658 1294 homines
682 1234 810 1309 eligitur.
847 1234 913 1294 Hoc
928 1242 976 1295 est
991 1238 1122 1310 quarem

112 1318 162 1375 vel
184 1315 315 1375 maxime
333 1315 538 1378 abominanda
552 1317 592 1378 sit
606 1317 747 1390 saevitia,
772 1318 855 1394 quod
871 1318 993 1379 excedit
1007 1319 1084 1378 lines

63 1459 66 1463 .
112 1398 243 1474 primum
264 1399 387 1473 solitos,
415 1401 526 1461 deinde
545 1400 706 1462 humanos.
738 1417 820 1462 nova
840 1402 993 1477 supplicia
1013 1417 1084 1462 con

113 1480 212 1557 quirit,
228 1483 381 1558 ingenium
394 1485 534 1557 advocat,
549 1485 748 1545 instrumenta
759 1485 920 1559 excogitat,
940 1501 995 1561 per
1006 1501 1089 1560 quae

111 1566 245 1626 varietur
259 1574 352 1640 alque
373 1567 555 1628 extendatur
574 1569 677 1642 dolor,
698 1576 728 1629 et
742 1568 908 1629 delectetur
921 1569 1009 1628 malis
1028 1569 1083 1628 ho-

112 1649 235 1708 minum.
270 1651 353 1709 Tunc
373 1649 424 1710 ille
444 1651 529 1712 dims
549 1653 640 1712 animi
656 1652 781 1712 morbus
796 1652 834 1712 ad
850 1649 1000 1712 insaniam
1015 1668 1081 1727 per·
1097 1649 1119 1702 3

3 1805 4 1808 ¹
113 1733 194 1794 venit
206 1731 355 1806 ultimam,
376 1749 445 1792 cum
460 1735 626 1795 crudelitas
641 1750 732 1794 versa
747 1742 794 1795 est
807 1733 838 1794 iu
855 1737 1038 1810 voluptutem
1054 1743 1084 1795 et

111 1816 171 1875 iam
191 1814 334 1876 occidere
352 1816 506 1877 hominem
528 1819 625 1878 iurata
650 1833 720 1876 nam
740 1819 830 1878 talem
851 1817 949 1877 virum
964 1835 982 1878 a
997 1827 1083 1894 tergo

111 1899 250 1974 sequitur
269 1899 405 1972 eversio,
430 1895 516 1975 odia,
539 1916 673 1975 venena,
691 1901 793 1976 gladii.
813 1907 873 1961 tam
887 1902 988 1961 multis
1004 1903 1083 1976 peri-

112 1981 190 2042 culis
201 1981 322 2058 petitur,
335 1997 425 2058 quam
436 1979 597 2044 multorum
609 1983 678 2059 ipse
690 1985 857 2058 periculum
870 1991 926 2058 est,
943 1985 1082 2060 privatis·

112 2081 173 2141 que
200 2081 427 2142 nonnumquam
454 2067 605 2142 consiliis,
634 2068 711 2128 alias
737 2084 810 2129 vero
836 2069 1084 2129 consternatione

111 2149 233 2225 publica
244 2149 486 2212 circumvenitur.
505 2151 581 2211 levis
593 2152 672 2210 enim
684 2158 714 2210 et
726 2151 844 2227 privata
856 2152 1009 2226 pernicies
1021 2170 1083 2214 nun

109 2239 190 2293 totas
205 2232 298 2293 urbes
313 2241 431 2295 movet=
453 2235 537 2308 quod
552 2237 611 2296 late
627 2237 729 2296 furere
744 2236 846 2312 coepit
860 2243 891 2297 et
905 2251 1012 2297 omnes
1030 2237 1081 2296 ad-

111 2314 193 2391 petit,
209 2317 346 2392 undique
361 2317 531 2392 configitur.
561 2317 728 2394 Serpentes
745 2321 891 2394 parvulae
905 2321 1011 2380 fallunt
1025 2327 1117 2389 nect

109 2399 231 2474 publice
243 2401 476 2475 conquiruntur:
491 2401 543 2461 ubi
555 2403 657 2476 aliqua
668 2403 787 2462 solitam
799 2419 972 2463 mensuram
984 2411 1081 2464 trans·

108 2483 143 2543 iit
163 2483 243 2542 etin
264 2488 432 2543 monstrum
455 2483 607 2557 excrevit,
629 2483 681 2544 ubi
694 2485 804 2562 tontes
828 2494 903 2560 potu
924 2485 1027 2546 intecit
1042 2493 1082 2559 et,

109 2567 136 2626 si
150 2565 292 2638 adflavit,
315 2565 415 2627 deurit
431 2566 617 2642 obteritque,
639 2583 833 2644 quacumque
855 2569 996 2642 incessit,
1017 2569 1081 2628 bat-

109 2649 186 2710 listis
201 2651 320 2724 petitur.
353 2651 588 2711 Possuntverbu
600 2652 674 2712 dare
685 2658 715 2711 et
726 2652 858 2712 evadere
871 2652 981 2726 pusilla
992 2653 1082 2732 mala,

108 2732 280 2807 ingentibus
312 2734 433 2795 obviam
463 2735 530 2794 itur.
573 2733 624 2794 Sic
648 2751 728 2796 unus
755 2749 848 2810 aeger
875 2751 933 2794 neo
958 2736 1116 2795 domums

109 2809 232 2892 quidem
255 2818 417 2893 perturbat.
453 2816 555 2879 alubi
576 2819 691 2878 crebris
711 2819 859 2879 mortibus
881 2819 1081 2896 pestilentiam
1136 2833 1145 2844 “

107 2903 180 2960 esse
205 2899 362 2977 adparuit,
388 2900 588 2962 conclamatio
609 2901 739 2964 civitatis
759 2917 796 2962 ao
821 2903 894 2978 tuga
914 2910 962 2963 cst
982 2911 1012 2964 et
1032 2901 1080 2963 dis

107 2984 185 3059 ipsis
206 3000 313 3045 manus
336 2985 528 3046 intentantur.
560 2984 624 3046 Sub
646 3003 708 3046 uno
732 2986 834 3061 aliquo
856 2994 936 3048 tecto
958 2985 1088 3046 flamma

4 3063 5 3070 ’
106 3068 267 3142 adparuit:
301 3067 413 3128 familia
433 3069 587 3144 vicinique
606 3085 718 3145 aquam
738 3069 888 3145 ingerunt.
923 3078 954 3130 at
976 3070 1079 3130 incen-

106 3151 191 3293 ἀὲιιηιΙ
205 3159 324 3213 vastum
340 3159 370 3212 et
385 3153 495 3212 multas
510 3153 569 3212 iam
585 3153 695 3214 domos
711 3155 872 3228 depastum
889 3161 973 3228 parte
992 3152 1078 3213 urbis

106 3252 125 3295 ο
148 3242 251 3294 ruitur.

168 3317 274 3378 XXVI.
298 3320 509 3380 crudelitatem
530 3319 717 3395 privatorum
733 3321 861 3381 serviles
877 3334 1001 3395 quoque
1016 3301 1110 3380 mai

105 3417 165 3462 nus
191 3402 249 3462 sub
274 3411 357 3466 certo
378 3403 479 3464 crucis
500 3403 637 3478 periculo
658 3405 739 3464 ultae
760 3411 850 3464 sunta
882 3412 1080 3482 tyrannorum

103 3492 213 3560 gentes
235 3487 405 3563 populique
426 3492 457 3548 et
477 3501 606 3562 quorum
628 3493 693 3547 erat
713 3488 825 3546 mulum
847 3486 941 3561 ethi,
968 3484 1082 3560 quibus
