2554 3888
223 261 278 322 An
293 259 492 324 POLYBIUM
506 263 556 323 DE
573 263 873 326 CONSOLATIONE.
890 275 932 330 18.
1003 265 1067 332 237

152 413 251 486 Haec,
266 419 433 487 utcumque
446 413 540 486 potui,
557 414 649 488 longo
665 413 724 472 iam
739 415 799 474 situ
815 415 955 476 obsoleto
971 424 1001 476 et
1015 416 1098 477 ire-9

91 497 193 556 betato
215 494 317 555 animo
339 497 500 571 conposui.
534 511 614 571 quae
636 497 663 556 si
684 503 736 557 aut
751 515 858 572 parum
874 502 1068 575 respondere

90 579 214 653 ingenio
237 586 290 639 tuo
312 585 365 638 aut
379 595 484 654 parum
499 579 613 639 mederi
630 579 728 640 dolori
743 578 940 656 videbuntur,
958 584 1068 659 cogita,

90 676 180 738 quum
206 677 268 722 non
294 663 443 736 possitis
465 662 584 722 alienae
602 675 715 723 vacare
730 667 949 741 consolationi,
977 683 1069 742 quem

91 761 146 806 sua
160 747 241 804 mala
256 753 439 820 occupatum
454 751 575 820 tenent,
596 753 627 806 et
646 763 736 822 quam
751 760 811 808 non
829 750 918 810 tacite
933 751 1026 810 latina
1039 751 1069 812 ei

89 829 203 890 bomini
224 828 319 888 verba
339 836 536 901 succurrant,
565 841 656 905 quem
675 831 875 892 barbarorum
892 833 1067 895 inconditus

89 919 119 972 ct
132 911 272 972 barbaris
288 924 414 988 quoque
428 913 659 974 humanioribus
675 911 780 988 gravis
793 917 927 978 fremitus
940 919 1064 977 circum-

89 1002 193 1056 Sotadi..

490 1086 678 1103 -h——n-

383 1197 418 1278 ln
436 1194 577 1278 iiiiii
598 1193 769 1278 sitibit

238 1340 607 1444 nrnrooonon
635 1341 813 1440 utana*
835 1345 921 1441 xn.

310 1517 367 1569 nn
398 1517 622 1570 nnnvrxu
647 1517 850 1570 urrann

418 1637 461 1702 iti
478 1636 744 1706 consumatum.

152 1843 176 1921 Ι,
199 1839 302 1916 Saepe
316 1839 385 1912 iam,
401 1845 497 1900 mater
512 1840 635 1916 optima,
651 1841 785 1916 inpetum
803 1841 871 1916 cepi
887 1843 1096 1904 consolandil

88 1935 133 2000 te,
160 1936 256 1999 saepe
278 1920 421 1983 continui.
454 1931 487 1983 ut
507 1924 667 1996 auderem,
693 1926 786 1984 multa
804 1938 851 1983 me
867 1924 1067 2000 inponebant:

89 2009 222 2084 primum
236 2005 363 2066 videbar
376 2005 576 2082 depositurus
593 2007 695 2068 omnia
708 2007 917 2081 incommoda,
942 2022 1010 2068 cum
1025 2010 1067 2068 la-

89 2092 201 2152 crimas
223 2099 305 2164 tuas,
327 2089 446 2150 etiamsi
461 2092 654 2167 supprimere
669 2107 730 2150 non
744 2091 929 2168 potuissem,
950 2090 1068 2152 interim

88 2185 172 2236 certe
187 2173 412 2235 abstersissem.
446 2173 559 2236 deinde
574 2177 645 2250 plus
660 2169 832 2236 habiturum
843 2191 892 2234 me
906 2177 1068 2236 auctorita·

90 2261 129 2320 tis
150 2275 211 2320 non
232 2253 405 2318 dubitabam
422 2255 462 2318 ad
477 2259 668 2320 excitandam
686 2268 731 2332 te,
753 2259 781 2320 si
800 2261 884 2335 prior
904 2261 973 2334 ipse
996 2277 1068 2320 con-

89 2343 307 2404 surrexissem.
340 2343 500 2416 practerea
518 2343 676 2418 timebam,
698 2360 737 2402 ne
757 2359 775 2402 a
790 2359 838 2402 me
854 2341 934 2402 victa
949 2345 1070 2404 fortuna

90 2429 223 2503 aliquem
238 2437 377 2485 meorum
391 2425 536 2487 vinceret.
559 2425 663 2502 itaque
677 2434 842 2500 utcumque
858 2426 992 2486 conabar
1006 2444 1068 2486 ma-

89 2527 132 2572 nu
159 2521 253 2585 super
278 2509 400 2584 plagam
426 2521 524 2570 meam
549 2508 684 2585 inposita
704 2511 744 2569 ad
765 2509 929 2584 obliganda
942 2512 1070 2570 volnera

88 2602 196 2654 uestra
209 2599 342 2668 reptare.
363 2589 431 2652 Hoc
442 2593 636 2668 propositum
650 2608 752 2653 meum
767 2596 853 2652 erant
865 2607 973 2652 rursus
989 2600 1097 2666 quaen

87 2675 294 2744 retardarent=
323 2676 422 2738 dolori
443 2681 513 2752 tuo,
540 2677 612 2737 dum
633 2691 744 2737 recens
760 2677 908 2748 saeviret,
935 2677 1070 2736 sciebam

91 2761 320 2822 occurrendum
334 2775 396 2819 non
412 2777 499 2834 esse,
514 2777 553 2820 ne
568 2758 651 2821 ilium
666 2761 736 2836 ipsa
750 2760 859 2820 solatia
870 2757 1027 2820 incitarent
1041 2767 1072 2819 et

88 2845 306 2906 accenderent.
329 2859 399 2903 narn
413 2844 443 2903 in
455 2843 571 2904 morbis
585 2857 709 2919 quoque
722 2843 795 2903 nihii
808 2849 855 2902 est
866 2843 1070 2918 perniciosius

88 2943 184 3004 quam
199 2927 350 2988 inmatura
363 2928 523 3004 medicina.
547 2927 766 3002 exspectabam
781 2928 898 3002 itaque,
914 2926 987 2986 dum
1002 2926 1070 3000 ipse

87 3013 174 3072 vires
190 3027 263 3072 suas
279 3009 434 3085 frangeret
448 3017 477 3070 et
491 3011 530 3071 ad
545 3012 727 3072 sustinenda
740 3011 876 3071 remedia
890 3025 977 3070 mora
991 3008 1069 3070 miti-

87 3103 181 3171 gatus
196 3094 279 3169 tangi
297 3105 332 3154 se
347 3109 386 3154 ac
398 3097 519 3155 tractari
532 3101 695 3170 pateretur.
718 3099 876 3172 praeterea
888 3099 956 3153 cuin
968 3095 1071 3154 omnia

88 3180 333 3241 clarissimorum
352 3177 545 3253 ingeniorum
566 3186 764 3240 monumenta
778 3179 815 3238 ad
833 3177 1069 3254 conpescendos

86 3263 363 3337 moderandosque
388 3264 488 3322 luctus
514 3263 677 3338 conposita
696 3262 886 3336 evolverem,
908 3277 970 3322 non
985 3262 1069 3322 inve-

86 3344 1070 3424 niebamexemptumeius,quiconsoiatussuosesset,cumipse

84 3431 128 3490 ab
156 3431 216 3493 iliis
238 3432 480 3506 conploraretur.
512 3432 557 3491 lta
577 3431 607 3490 in
629 3444 664 3491 rc
685 3445 767 3490 nova
780 3429 968 3500 haesitabam
983 3441 1100 3494 vere-s

85 3515 224 3591 berane,
247 3533 286 3576 ne
307 3513 384 3576 haec
404 3531 467 3576 non
487 3515 658 3577 consolatio
680 3522 779 3589 esset,
801 3514 858 3574 sed
872 3511 1069 3574 exulceratio.
