2554 3888
75 217 82 249 l

269 256 319 315 DE
333 255 667 328 TRANQUILLITATE
681 256 802 316 ANIMI.
828 265 870 318 11.
890 267 932 319 12.
1028 259 1090 322 189

115 407 191 482 quid
205 406 234 465 in
249 406 343 465 ullum
357 402 497 479 incurrit,
511 420 608 480 posse
623 405 652 463 in
667 411 697 463 te
709 421 834 480 quoque
844 407 1008 468 incurrere.
1031 409 1089 470 Lo·-

114 492 223 565 ouples
245 505 295 550 es:
321 487 469 564 numquid
489 487 612 549 divitior
624 487 812 551 Ptolemaeo?
834 491 882 550 cui
898 507 967 550 cum
982 493 1089 568 Caius,

113 581 204 634 vetus
225 579 386 646 cognatus,
411 571 528 646 hospes
549 589 665 646 novus,
693 573 864 648 aperuisset
879 574 1018 634 Caesaris
1033 577 1088 636 do·

7 679 9 708 2
113 673 211 729 mum,
226 663 261 716 ut
274 671 361 716 snam
378 655 528 728 eluderet,
545 655 641 716 defuit
654 655 865 730 panie,aqua.
888 673 956 716 eum
973 665 1018 718 tot
1031 657 1089 719 flu-

114 741 197 800 mina
211 739 386 814 possideret
401 737 432 798 in
448 755 505 799 suo
522 739 658 811 orientia,
679 740 709 798 in
726 757 783 800 suo
800 739 954 815 cadentia,
973 743 1088 802 mendi·

7 869 9 896 ,
115 822 198 883 cavit
211 821 371 882 stillicidia.
394 822 474 881 lame
487 837 524 881 ac
541 822 589 881 siti
604 821 693 896 periit
706 821 737 882 in
748 822 861 898 palatio
874 825 1003 899 cognati,
1017 827 1090 886 dum

113 905 157 966 illi
170 906 262 966 heres
276 905 430 980 publicum
445 905 537 966 funus
549 905 693 966 esurienti
705 907 793 966 locat.
815 907 990 968 Honoribus
1004 921 1131 972 sum-11

114 991 174 1050 mis
189 991 311 1050 functus
327 1003 377 1048 es:
392 989 543 1064 numquid
558 995 609 1048 aut
624 995 684 1050 tam
691 991 809 1064 magnis
817 997 869 1050 aut
879 997 940 1050 tam
951 991 1089 1066 inspera-

114 1074 154 1134 tis
170 1080 223 1133 aut
236 1080 298 1132 tam
311 1071 464 1132 universis
480 1088 571 1147 quam
586 1072 739 1133 Seianus?
758 1090 820 1149 quo
836 1073 886 1133 die
900 1075 984 1135 illum
1000 1092 1089 1136 sena-

114 1163 165 1220 tus
181 1156 367 1228 deduxerat,
383 1157 517 1230 populus
531 1156 561 1216 in
577 1157 675 1216 frusta
688 1156 801 1217 divisit.
829 1158 859 1216 in
875 1171 981 1232 quem,
1005 1161 1090 1235 quie-

116 1240 191 1316 quid
214 1239 337 1314 congeri
354 1246 488 1314 poterat,
509 1239 539 1298 di
556 1239 758 1315 hominesque
772 1243 976 1314 contulerant,
998 1258 1090 1304 exeo

114 1323 188 1382 nihil
209 1322 373 1398 superfuit,
398 1323 483 1398 quod
496 1324 633 1382 carnifex
645 1323 785 1383 traheret.
818 1325 885 1384 Rex
899 1340 950 1384 es:
971 1342 1033 1386 non
1047 1327 1087 1388 od
1101 1341 1133 1393 12

116 1407 263 1466 Croesum
283 1412 313 1464 te
333 1407 461 1482 mittam,
483 1406 534 1482 qui
551 1421 659 1481 rogum
679 1423 768 1468 suum
789 1414 820 1466 et
833 1407 971 1469 escendit
984 1409 1089 1470 iussus

116 1497 147 1550 et
170 1489 325 1564 exstingui
345 1490 435 1564 vidit,
460 1492 559 1550 factus
582 1506 643 1549 non
659 1505 754 1564 regno
770 1497 901 1564 tantum,
927 1491 1090 1554 sedetiam

116 1574 204 1634 morti
220 1589 295 1634 suae
311 1580 481 1648 superstes.
510 1589 572 1634 non
585 1574 627 1633 ad
640 1574 828 1649 Iugurtham,
849 1590 940 1650 quem
955 1577 1090 1651 populus

115 1658 273 1718 Romanus
288 1658 367 1716 intra
380 1673 507 1732 annum,
523 1673 614 1733 quarn
629 1657 785 1732 timuerat,
802 1659 962 1734 spectavit.
991 1659 1090 1720 Ptole-

116 1757 237 1802 maeum
251 1742 376 1800 Africae
388 1757 508 1816 regem,
530 1741 693 1800 Armeniae
706 1741 899 1802 Mithridaten
912 1741 991 1802 inter
1006 1743 1090 1802 Caia-

116 1841 173 1884 nas
188 1825 345 1886 custodias
359 1823 510 1886 vidimus=
530 1825 606 1884 alter
620 1824 651 1882 in
666 1825 788 1886 exilium
804 1827 916 1884 missus
932 1832 994 1900 est,
1017 1829 1092 1887 alter
1128 1850 1130 1854 ⁴

116 1916 150 1969 ut
164 1909 289 1970 meliore
303 1908 365 1968 fide
380 1909 559 1980 mitteretur,
586 1907 720 1982 optabat.
759 1909 793 1967 ln
811 1914 895 1968 tanta
908 1923 1008 1968 rerum
1024 1926 1090 1969 sur-

117 2009 185 2052 sum
200 2008 237 2052 ae
251 1993 397 2052 deorsum
411 1993 544 2052 euntium
560 1991 734 2052 versatione
749 1993 776 2052 si
791 2007 852 2052 non
868 1991 1015 2067 quicquid
1025 1993 1091 2053 fieri

117 2083 234 2151 potest,
250 2092 306 2151 pro
322 2076 422 2136 futuro
439 2075 550 2148 habes,
574 2075 631 2135 das
646 2077 676 2133 in
691 2082 721 2134 te
734 2075 817 2136 vires
831 2074 925 2136 rebus
939 2075 1089 2150 adversis,

118 2176 195 2236 quas
210 2159 346 2234 infregit,
363 2159 503 2234 quisquis
518 2158 603 2235 prior
616 2158 701 2218 vidit.

176 2244 242 2302 XII.
273 2243 492 2304 Proximum
512 2242 556 2302 ab
577 2242 741 2318 hiserit,
768 2245 939 2304 neautin
956 2253 1120 2319 super-1

116 2328 255 2388 vacuis
270 2333 333 2387 aut
350 2342 396 2386 ex
411 2341 654 2402 supervacuo
670 2327 906 2403 laboremus,
929 2328 1037 2400 idest,
1052 2343 1091 2386 ne

118 2423 199 2486 quae
223 2416 275 2470 aut
296 2427 357 2470 non
372 2427 539 2486 possumus
556 2411 719 2486 consequi,
743 2406 1014 2486 concupiscamus,
1041 2417 1093 2470 aut

117 2495 223 2569 adepti
244 2493 405 2556 vanitatem
427 2493 634 2569 cupiditatium
654 2502 827 2554 nostrarum
842 2510 912 2554 sero
930 2501 1002 2569 post
1016 2495 1090 2554 rnul-

116 2585 180 2638 tum
196 2578 345 2652 pudorem
360 2579 580 2654 intellegamus.
597 2577 699 2651 idest,
714 2593 753 2637 ne
768 2585 820 2638 aut
835 2579 921 2638 labor
933 2579 1040 2637 inritus
1053 2579 1093 2636 sit

117 2661 186 2720 sine
210 2661 323 2722 effectu
344 2669 397 2722 aut
416 2661 544 2722 effeetus
560 2661 665 2721 labore
682 2660 836 2735 indignus.
865 2661 942 2722 Fere
956 2660 1034 2721 enim
1052 2675 1090 2720 ex

115 2744 170 2810 his
189 2743 309 2807 tristitia
330 2747 482 2820 sequitur,
502 2745 529 2805 si
548 2751 675 2804 autnon
692 2745 909 2806 successitaut
925 2760 1091 2806 successus

117 2826 223 2904 pudet.
247 2829 566 2889 Circumcidenda
582 2829 845 2902 concursatio,
861 2830 959 2904 qualis
971 2835 1018 2889 est
1029 2845 1090 2888 ma·
1107 2833 1124 2884 2

117 2928 198 2986 gnae
223 2911 301 2988 parti
327 2913 482 2974 hominum
504 2913 614 2974 domos
630 2919 661 2972 et
673 2913 791 2973 theatra
805 2920 835 2974 et
848 2914 916 2973 fora
932 2929 1091 2988 pererran-

7 3033 9 3048 ·
117 2995 202 3056 tium
226 2996 333 3056 alienis
348 3011 384 3056 se
398 2997 529 3072 negotiis
545 2995 691 3070 offerunt,
709 3012 831 3072 semper
841 2995 958 3072 aliquid
972 2997 1092 3071 agenti-

7 3091 8 3098 *
116 3079 176 3140 bus
192 3079 317 3140 similes.
336 3081 453 3142 Horum
469 3080 496 3141 si
510 3081 642 3156 aliquem
659 3087 820 3140 exeuntem
832 3095 849 3139 e
860 3079 952 3140 domo
964 3081 1090 3141 interro-

117 3163 257 3238 gaveris:
273 3209 291 3238 „
301 3180 362 3240 quo
375 3171 429 3225 tut
449 3165 524 3242 quid
534 3163 698 3239 cogitast“
712 3164 912 3240 respondebit
923 3163 988 3224 tibi:
1003 3180 1092 3239 „non

116 3247 310 3309 mehercules
336 3249 418 3311 scio:
445 3249 501 3310 sed
527 3249 648 3325 aliquos
672 3247 802 3322 videbo,
826 3246 943 3324 aliquid
968 3251 1091 3324 agam.“

118 3329 193 3390 Sine
208 3333 370 3407 proposito
386 3341 534 3408 vagantur
549 3337 730 3408 quaerentes
745 3331 867 3408 negotia
881 3347 939 3392 nee
949 3347 1028 3408 quae
1040 3332 1092 3390 de·
1106 3339 1123 3393 3

117 3415 428 3491 stinaveruntagunt‚
441 3416 538 3476 sedin
552 3431 631 3492 quae
643 3417 879 3478 incucurrerunt.
902 3415 1090 3476 inconsultus

115 3495 177 3560 illis
192 3515 354 3577 vanusque
370 3517 480 3561 cursus
498 3507 559 3572 est,
577 3501 675 3574 qualis
690 3500 826 3562 formicis
842 3517 897 3576 per
909 3500 1033 3558 arbusta
1043 3511 1091 3556 re-
