2554 3888
203 232 264 296 184
389 233 422 291 L.
444 232 591 292 ANNAEI
613 231 787 292 SENECAE
809 232 912 293 nlnt.
943 231 992 292 IX.

168 385 273 450 esibit
310 383 372 444 Sed
394 383 539 460 quoniam
559 400 620 444 non
642 391 689 444 est
710 385 798 446 nobis
819 393 932 446 tantum
955 388 1095 463 roboris,
1123 407 1171 452 an·

201 469 353 544 gustanda
368 476 449 527 certe
464 475 535 526 sunt
548 468 741 542 patrimonia,
753 475 787 528 ut
800 469 900 530 minus
915 471 953 529 ad
970 471 1098 533 iniurias
1115 475 1177 534 lor-

200 560 292 613 tunae
314 551 409 612 simus
435 551 577 625 expositi.
607 552 761 610 Habiliora
784 561 856 613 sunt
878 569 1010 628 corpora
1031 556 1063 614 in
1084 557 1176 632 bella,

202 652 281 711 quae
301 636 330 694 in
355 649 438 694 arma
458 634 674 708 suscontrahi
696 643 839 710 possunt,
863 653 953 712 quarn
969 653 1049 712 quae
1066 655 1176 714 super-

201 719 366 780 funduntur
385 726 414 778 et
433 719 569 793 undique
590 717 767 793 magnitudo
783 735 839 780 sua
853 721 1031 782 vomeribus
1047 721 1176 782 obiecit=

201 803 334 877 optimus
350 800 499 875 pecuniae
513 803 623 861 modus
638 808 698 875 est,
715 804 767 878 qui
781 818 838 863 nec
853 802 883 863 in
900 811 1111 879 paupertatem
1126 821 1176 866 ca·

202 886 258 957 dit,
275 899 332 944 nco
348 886 455 959 procul
470 901 488 944 a
504 893 681 959 paupertate
696 886 835 947 discedit.

171 969 185 1022 l
262 969 311 1027 lX.
334 968 467 1028 Placebit
480 975 582 1028 autern
597 967 674 1028 haec
685 970 773 1030 nobis
788 986 947 1045 mensura,
964 969 991 1031 si
1006 973 1093 1045 prins
1106 987 1176 1046 par-

201 1051 330 1112 simonia
346 1052 507 1126 placuerit,
524 1052 590 1112 sine
605 1068 666 1126 qua
677 1069 734 1112 nec
746 1054 826 1114 ullae
841 1070 918 1129 opes
934 1055 1104 1127 sufficiunt,
1117 1070 1177 1114 nec

202 1141 279 1209 [cum
294 1139 359 1208 illa]
381 1136 461 1196 ullae
480 1151 542 1196 non
563 1137 637 1195 satis
652 1143 769 1210 potent,
795 1139 976 1212 praesertim
990 1153 1061 1198 cum
1083 1137 1113 1197 in
1131 1138 1176 1196 vi-

201 1218 270 1279 oino
286 1219 453 1278 remedium
468 1221 508 1280 sit
527 1226 557 1278 et
570 1222 671 1294 possit
689 1221 757 1294 ipsa
774 1228 939 1296 paupertas
954 1223 985 1281 in
999 1221 1124 1281 divitias
1141 1238 1177 1280 se
1263 1257 1264 1276 r

169 1303 351 1363 tadvocata
371 1303 542 1384 frugalitate
563 1310 752 1364 convertere.
786 1305 1020 1366 Adsuescamus
1041 1321 1060 1364 a
1084 1305 1177 1365 nobis

199 1401 359 1447 removere
375 1403 533 1462 pompam,
556 1395 586 1446 et
606 1403 683 1448 usus
703 1403 818 1470 rerum,
841 1405 903 1448 non
919 1395 1097 1448 ornamenta
1112 1405 1175 1448 me-

200 1471 258 1530 tiri.
282 1469 374 1531 Cibus
391 1473 500 1530 tarnem
516 1472 635 1544 domet,¹
649 1473 733 1546 potio
749 1471 843 1544 sitim,
859 1472 953 1533 libido
967 1489 1028 1546 qna
1042 1487 1176 1531 necesse

201 1561 248 1614 est
259 1554 341 1614 fluat.
358 1554 513 1613 discamus
524 1555 668 1615 membris
680 1557 793 1616 nostris
805 1556 905 1630 inniti,
921 1557 1032 1616 cultum
1046 1557 1175 1616 victum-

203 1654 263 1712 que
284 1653 345 1695 non
369 1637 407 1696 ad
429 1654 511 1697 nova
530 1639 672 1712 exempla
693 1655 882 1714 conponere,
901 1640 958 1700 sed
979 1647 1013 1700 ut
1025 1639 1175 1699 maiorum

201 1737 303 1780 mores
319 1720 458 1780 suadent.
481 1721 635 1781 discamus
650 1723 861 1783 continentiam
879 1739 1007 1798 augere,
1023 1722 1176 1782 luxuriam
1263 1729 1264 1762 ³

202 1819 360 1878 coercere,
388 1808 515 1879 prorsam
538 1811 722 1880 temperare,
748 1807 935 1866 iracundiam
957 1806 1067 1879 lenire,
1099 1823 1174 1880 pau-

200 1895 348 1964 pertatem
372 1889 479 1962 aequis
502 1888 599 1949 oculis
625 1890 801 1964 adspicere,
834 1889 1033 1964 frugalitatem
1061 1891 1173 1958 colere,

202 1973 319 2033 etiamsi
334 1973 444 2033 multos
459 1972 601 2048 pudebit,
620 1980 654 2032 at
667 1977 794 2049 populus
809 1973 970 2033 desideriis
984 1973 1175 2033 naturalibus

201 2072 298 2130 parvo
321 2063 426 2130 parata
448 2055 583 2115 remedia
605 2057 766 2131 adhibere,
793 2073 867 2130 spes
886 2056 1050 2116 effrenatas
1066 2065 1098 2118 et
1112 2058 1173 2116 ani·
1264 2085 1265 2140 ἒ

200 2155 283 2198 mum
304 2139 335 2197 in
356 2141 457 2198 lutura
477 2139 658 2201 eminentem
674 2139 757 2201 velut
770 2139 827 2200 sub
847 2140 974 2201 vinculis
989 2139 1122 2212 habere,
1144 2140 1175 2198 id

201 2237 306 2296 agere,
318 2227 351 2282 ut
362 2222 483 2282 divitias
499 2239 517 2280 a
531 2222 620 2284 nobis
635 2226 736 2298 potius
751 2241 842 2298 quam
857 2241 876 2284 a
889 2225 1010 2284 fortuna
1022 2232 1174 2298 petamus.
1264 2275 1265 2280 ,

168 2299 265 2364 ³Non
287 2312 389 2380 potest
407 2322 551 2381 umquam
571 2313 654 2368 tanta
674 2308 806 2368 varietas
832 2313 862 2366 et
881 2308 1024 2382 iniquitas
1046 2323 1176 2368 casuum

200 2389 242 2449 ita
257 2389 384 2464 depelli,
405 2396 514 2450 utnon
529 2391 655 2452 multum
670 2392 874 2466 procellarum
887 2391 987 2451 inruat
1001 2406 1112 2465 magna
1126 2407 1174 2449 ar-

199 2481 352 2534 mamenta
371 2474 585 2548 pandentibus.
619 2475 778 2549 cogendae
800 2476 829 2533 in
851 2484 947 2535 artum
962 2490 1013 2534 res
1030 2481 1117 2547 sunt,
1142 2481 1176 2534 ut

199 2557 260 2616 tela
281 2559 310 2616 in
331 2574 441 2618 vanum
457 2558 582 2629 cadant,
604 2559 737 2632 ideoque
752 2559 842 2618 exilia
855 2559 1008 2618 interdum
1020 2558 1174 2618 calamita·

200 2647 311 2716 tesque
336 2641 366 2699 in
391 2641 561 2702 remedium
588 2657 712 2702 cessere
732 2648 764 2701 et
782 2641 949 2702 levioribus
970 2641 1174 2701 incommodis

201 2725 343 2799 graviora
358 2733 464 2786 sanata
480 2733 565 2799 sunt,
586 2725 637 2784 ubi
653 2741 759 2800 pamm
775 2725 858 2786 audit
872 2731 1038 2800 praecepta
1054 2725 1175 2784 animus

201 2823 259 2868 nec
280 2809 379 2867 curari
399 2809 519 2870 mollius
535 2815 646 2883 potest.
669 2809 795 2884 quidnit
816 2809 984 2869 consulitur
997 2811 1039 2881 ei,
1055 2809 1082 2868 si
1099 2825 1173 2883 pan·

202 2897 304 2966 pertas
319 2894 361 2964 ei,
377 2892 555 2966 ignominia,
570 2909 672 2954 rerum
686 2891 808 2952 eversio
823 2891 993 2952 adhibetur.
1014 2891 1095 2952 malo
1111 2907 1173 2950 ma-

199 2976 261 3036 lum
283 2975 456 3050 opponitur.
490 2977 711 3055 adsuescamus
732 2991 806 3050 ergo
829 2991 961 3036 coenare
985 2991 1081 3050 posse
1107 2975 1174 3034 sine

200 3060 316 3134 populo
340 3067 370 3120 et
390 3060 488 3119 servis
509 3058 705 3134 paucioribus
727 3060 834 3124 serviri
856 3065 886 3119 et
899 3065 1003 3120 vestes
1019 3073 1129 3134 parare
1144 3058 1173 3116 in

202 3142 286 3217 quod
306 3143 447 3204 inventae
462 3149 547 3216 sunt,
567 3141 705 3202 habitare
720 3144 913 3204 contractius.
948 3143 1015 3203 Non
1035 3143 1175 3202 incursu

200 3232 315 3286 tanturn
331 3225 465 3301 circique
481 3226 661 3298 certamine,
677 3227 774 3286 sedin
789 3226 837 3287 his
853 3225 962 3302 spatiis
978 3226 1057 3285 vitae
1072 3223 1174 3284 interi-

167 3313 185 3371 l
199 3323 237 3368 us
251 3306 436 3377 flectendum
452 3317 508 3369 est.
539 3309 713 3378 Studiorum
726 3323 851 3386 quoque
867 3326 947 3385 quae
961 3309 1175 3370 liberalissima

200 3394 331 3468 inpensa
351 3399 413 3463 est,
431 3391 547 3451 tamdiu
566 3391 713 3454 rationem
733 3394 840 3466 habet,
867 3393 1013 3468 quamdiu
1037 3392 1174 3454 modum.

202 3475 267 3550 Quo
279 3474 512 3535 innumerabiles
524 3475 618 3536 libros
632 3486 662 3538 et
672 3477 883 3552 bibliothecas,
893 3493 1019 3552 quarum
1030 3476 1174 3538 dominus
