2546 3890
255 221 321 290 '288
537 223 571 285 L.
592 221 738 284 ANNAEI
762 219 937 282 SENECAE

260 377 315 438 sed
329 388 403 436 mox
420 373 471 448 [de
486 371 581 449 Sulla]
600 384 825 446 consequemur
843 369 999 446 quomodo
1014 369 1164 432 hostibus
1181 369 1221 430 ira

261 459 408 522 scendum
433 457 488 530 sit,
519 453 624 530 utique
646 454 673 516 si
697 454 728 514 in
759 453 871 514 hostile
891 468 1001 515 nomen
1024 453 1111 513 cives
1141 461 1175 514 et
1200 471 1221 514 er

225 543 370 612 neodem
384 555 515 616 corpore
528 537 647 612 abrupti
661 533 844 597 transierint
872 535 992 598 Interim
1011 535 1071 597 hoc
1087 538 1181 612 quod
1195 537 1219 596 di

260 626 367 688 cebant
388 622 546 686 clementia
562 620 669 694 efficit,
690 627 724 681 ut
742 635 884 696 magnum
904 619 1108 694 interregem
1131 629 1221 699 tyran

260 724 393 786 numque
414 705 575 768 discrimen
599 704 652 778 sit,
676 710 805 778 uterque
828 703 900 764 licet
924 718 987 764 non
1012 703 1114 764 minus
1143 705 1221 763 armi

260 793 396 854 valletur.
428 791 484 850 sed
505 791 580 850 alter
599 803 684 846 arma
704 787 808 858 habet,
828 786 940 862 quibus
960 787 992 846 in
1012 787 1221 848 munimentur

260 876 347 951 pacis
360 874 466 946 utitur,
489 874 578 944 alter,
595 878 751 945 almagno
766 871 873 932 timore
893 885 1005 946 magna
1023 871 1097 930 odia
1117 887 1221 946 conpe-

210 1025 219 1044 ι
261 965 341 1028 scat,
362 971 419 1018 nec
433 957 501 1016 illas
516 955 601 1029 ipsas
621 971 744 1027 manus,
765 954 876 1030 quibus
903 969 938 1015 se
953 955 1121 1028 commisit,
1146 971 1221 1014 secu-

229 1057 315 1114 4rus
329 1040 469 1115 adspicit.
500 1037 663 1098 Contrariis
678 1038 707 1096 in
724 1038 874 1100 contraria
887 1037 994 1113 agitur.
1015 1054 1085 1098 nam
1102 1055 1177 1098 cum
1193 1040 1221 1097 in-

260 1125 347 1186 visus
362 1125 415 1197 sit,
438 1123 509 1198 quia
522 1122 656 1193 timetur,
678 1120 776 1180 timeri
790 1123 869 1193 vult,
892 1121 964 1196 quia
980 1121 1100 1182 invisus
1122 1129 1188 1193 est,
1205 1131 1221 1180 el

260 1209 312 1269 illo
327 1205 508 1270 exsecrabili
518 1221 619 1278 versu,
633 1207 684 1280 qui
699 1205 907 1266 inultos'dedit
916 1203 1110 1280 praecipites,
1123 1205 1221 1264 utitur:

549 1289 684 1362 Oderint,
708 1289 778 1348 dam
790 1293 927 1362 metuant,

261 1376 385 1450 ignarus
407 1379 520 1449 quauta
544 1371 646 1432 rabies
671 1371 797 1446 oriatur,
826 1371 878 1434 ubi
899 1371 1140 1447 supramodum
1163 1371 1221 1432 odil

262 1466 431 1518 creverunt.
466 1462 652 1530 temperatus
673 1455 753 1514 enim
775 1455 864 1516 timor
884 1454 1006 1516 cohibet
1025 1454 1162 1524 animos,
1179 1455 1221 1513 ad-

262 1542 370 1602 siduus
392 1556 466 1602 vero
488 1546 518 1598 el
538 1555 609 1598 acer
626 1547 656 1598 et
675 1545 809 1598 extrema
828 1537 997 1598 admovens
1017 1537 1048 1597 in
1069 1537 1221 1597 audaciam

231 1623 389 1684 sincentis
405 1623 516 1682 excitat
530 1628 560 1682 et
572 1622 673 1682 omnia
684 1619 816 1696 experiri
828 1622 946 1682 suadet.
967 1620 1018 1680 Sic
1031 1622 1113 1680 feras
1132 1620 1221 1682 lineae

262 1716 292 1768 et
313 1707 424 1780 pinnae
445 1707 546 1766 clusas
562 1704 724 1766 continent.
747 1704 870 1764 easdem
893 1721 912 1764 a
935 1712 1019 1780 tergo
1041 1719 1141 1779 eques
1162 1705 1221 1772 telis

261 1791 411 1852 incessat:
426 1789 614 1864 temptabunt
626 1790 726 1862 fugam
738 1803 794 1862 per
806 1788 883 1862 ipsa,
900 1803 979 1862 quae
994 1789 1145 1863 fugerant,
1160 1804 1221 1864 pro,

263 1873 486 1947 calcabuntque
504 1871 701 1933 formidinem.
724 1870 882 1930 Acerrime
897 1870 991 1931 virtus
1007 1879 1062 1946 est,
1079 1887 1172 1947 quam
1189 1869 1221 1928 al

261 1958 333 2016 tima
360 1957 528 2016 necessitas
552 1955 699 2016 extundit.
739 1954 890 2030 relinquat
911 1961 1032 2030 oportet
1055 1955 1159 2015 securi
1180 1957 1220 2013 ali·

263 2039 335 2114 quid
350 2048 446 2100 aretas
463 2039 618 2114 multoque
632 2039 702 2113 plus
717 2036 785 2112 spei
801 2054 892 2114 quam
908 2037 1114 2113 periculorum
1131 2045 1220 2098 osten·

262 2130 318 2181 tet:
341 2122 490 2197 alioquin,
512 2121 565 2181 ubi
579 2121 747 2197 quiescenti
763 2123 849 2196 paria
868 2128 1055 2197 metuuntur,
1075 2123 1220 2182 incurrere

197 2251 208 2263 .
262 2205 293 2262 in
308 2203 443 2278 pericula
457 2206 540 2262 iuvat
554 2211 584 2264 et
597 2204 650 2283 [at]
667 2203 766 2266 aliena
780 2203 881 2266 anima
894 2206 986 2266 abuti.

236 2296 249 2348 1
323 2287 399 2346 Xlll.
418 2286 540 2345 Placido
555 2289 779 2363 tranquilloque
793 2289 861 2364 regi⁴
872 2289 934 2348 fida
949 2295 1020 2349 sunl
1033 2288 1148 2348 auxilia
1166 2305 1220 2360 sua,

262 2369 425 2444 atquibus
447 2369 486 2430 ad
509 2385 698 2430 commanem
720 2374 847 2432 salutem
869 2377 983 2446 utatur,
1013 2371 1220 2446 gloriosusque

262 2453 348 2513 miles
373 2452 527 2528 (publicae
547 2454 628 2513 enim
648 2455 802 2516 securitati
825 2471 859 2515 se
884 2455 957 2514 dare
982 2471 1106 2530 oporam
1137 2456 1220 2524 videtl

263 2553 382 2597 omnem
398 2535 533 2596 laborem
547 2535 647 2598 libens
663 2537 773 2612 patitur
791 2546 824 2599 ut
842 2539 976 2613 parentis
997 2546 1116 2598 custos:
1144 2545 1176 2597 at
1199 2539 1220 2596 il

263 2621 323 2682 lum
339 2621 481 2680 acerbum
496 2628 525 2680 et
540 2621 767 2698 sanguinarium
782 2637 910 2682 necesse
926 2629 974 2682 est
993 2627 1158 2698 graventur
1181 2621 1220 2704 sti«,

233 2713 251 2765 2
261 2711 385 2778 patores
401 2703 458 2764 sui.
479 2703 545 2764 Non
562 2711 664 2778 potest
677 2704 789 2765 habere
807 2704 969 2782 quisquam
981 2705 1082 2766 bonae
1096 2720 1134 2764 nc
1151 2705 1220 2764 fidat

261 2786 426 2848 voluntatis
452 2786 622 2862 ministros,
650 2788 761 2864 quibus
787 2788 816 2848 in
841 2787 999 2850 tormentis
1021 2795 1052 2848 et
1071 2789 1181 2848 eculeo
1202 2795 1219 2846 el

261 2870 450 2931 ferramentis
468 2870 508 2930 ad
522 2878 649 2930 mortem
664 2871 778 2946 paratis
802 2871 909 2946 ulitur,
930 2871 1041 2949 quibus
1062 2888 1124 2931 non
1145 2873 1219 2932 aliter

262 2970 354 3028 quam
367 2953 473 3014 bestiis
490 2951 629 3015 homines
650 2954 794 3032 obiectat,
810 2955 951 3016 omnibus
964 2959 1111 3028 [omnium]
1128 2972 1219 3015 rerum

261 3038 370 3098 noxior
384 3052 421 3098 ac
437 3037 608 3110 sollicitior,
631 3039 737 3112 utqui
758 3038 897 3100 homines
917 3039 1058 3114 deosque
1077 3045 1173 3098 testes
1196 3053 1219 3098 at

202 3125 208 3130 ’
262 3119 398 3181 vindices
421 3120 589 3180 facinorum
610 3120 726 3195 timeat,
749 3121 988 3198 superductae,
1011 3128 1044 3182 ul
1058 3138 1117 3183 non
1141 3123 1219 3182 liceat

261 3199 302 3256 illi
318 3210 433 3262 mutare
449 3219 561 3264 mores.
597 3203 657 3264 hoc
677 3203 756 3266 enirn
777 3206 855 3266 inter
875 3213 976 3266 cetera
996 3207 1043 3264 vel
1061 3206 1219 3279 pessimun

262 3279 353 3340 lrabet
367 3284 546 3344 crudelitas:
568 3289 829 3360 perseverandum
845 3295 893 3348 est
911 3305 968 3348 nec
983 3289 1020 3348 ad
1036 3288 1160 3348 meliora
1177 3306 1219 3363 pa·

262 3369 303 3420 tet
319 3377 489 3435 regressus.
515 3370 633 3428 scelera
647 3369 726 3428 enim
738 3369 904 3430 sceleribus
920 3371 1033 3430 tuenda
1047 3377 1130 3430 sunl:
1154 3369 1219 3446 quid

232 3451 361 3502 sautem
378 3459 415 3502 eo
432 3443 596 3522 infelicius,
621 3451 669 3510 cui
691 3453 749 3512 iam
772 3469 842 3513 esse
864 3453 942 3512 malo
963 3468 1092 3512 necesse
1106 3461 1178 3513 esti
1207 3455 1219 3530 d
