2522 3906
182 231 223 294 68
471 225 504 284 L.
527 224 673 283 ANNAEI
697 222 871 282 SENECAE

28 449 31 458 ¹
153 383 259 454 abeat
275 378 380 439 nonin
396 393 463 436 usu.
494 369 717 450 exprobrentur
730 373 772 431 illi
786 387 947 448 perperam
962 373 1050 432 lacta.
1086 372 1157 432 Per·

74 471 79 482 '
180 462 286 525 tinebit
307 461 429 521 adrem
446 465 662 534 praeceptores
684 456 946 533 paedagogosque
967 456 1072 530 pueris
1094 457 1160 532 pla·

182 546 269 607 eidos
290 545 364 606 dari.
402 540 551 604 Proximis
570 541 739 616 adplicatur
755 554 844 598 omne
859 539 943 614 quod
960 547 1097 600 tenerum
1113 549 1161 600 εει

182 637 212 689 ει
227 629 257 690 in
273 643 379 688 eorum
393 625 618 686 similitudinem
633 622 751 684 erescit.
784 623 932 682 nutricum
954 629 984 682 et
1004 624 1160 698 paedago-

141 715 174 768 10
182 729 290 788 goram
305 711 434 771 retulere
453 725 525 769 mox
539 707 569 767 iu
584 704 823 767 adulescentiam
837 721 948 766 mores.
979 707 1072 782 Apud
1092 706 1160 766 Pla·

182 805 283 856 torrem
299 795 446 854 educatus
462 807 539 867 puer
553 807 622 850 cum
637 790 676 850 ad
697 794 839 864 parentes
860 791 971 849 relatus
987 790 1159 850 vociferan-

181 889 241 940 tem
257 879 511 951 videretpatrem=
527 889 718 950 „numquam
726 871 830 947 inquit,
840 873 898 932 hoc
909 873 991 946 apud
1002 873 1161 934 Platonem

180 963 273 1024 vidi.“
313 977 373 1020 non
389 959 493 1019 dubito
510 957 584 1034 quin
600 957 689 1017 citius
706 963 822 1030 patrem
845 955 977 1015 imitatus
1003 955 1043 1016 sit
1067 973 1161 1032 quam

140 1051 170 1104 ll
181 1046 345 1106 Platonem.
377 1042 489 1103 Tenuis
511 1049 580 1102 ante
595 1041 696 1102 omnia
710 1040 810 1099 victus
826 1043 883 1111 [sit]
900 1046 931 1098 et
944 1055 1005 1099 non
1022 1039 1161 1114 pretiosa

181 1129 276 1189 vestis
291 1136 322 1188 et
336 1125 441 1187 similis
457 1127 556 1187 cultus
572 1141 640 1184 cum
655 1123 852 1198 aequalibusz
868 1139 927 1183 non
942 1123 1091 1184 irascetur
1105 1127 1161 1184 ali·

182 1229 273 1290 quem
288 1211 346 1271 sibi
362 1210 522 1285 conparari
544 1225 634 1284 quem
656 1208 694 1267 ab
708 1207 790 1267 initio
805 1207 904 1266 mullis
920 1222 1022 1281 parem
1038 1208 1160 1268 leceris.

156 1304 169 1354 1
241 1289 1160 1364 XXll.Sedhaecadliberosnostrospertinentz

181 1373 1161 1452 ianobisquidemsorsnascendietedncationec

181 1465 413 1524 vitiilooum
435 1475 504 1519 nec
525 1461 595 1519 iam
617 1458 821 1534 praecepti
838 1456 961 1517 habet.
994 1473 1160 1533 sequen·

153 1548 235 1608 itia
250 1544 467 1607 ordinanda
481 1551 579 1604 sunt.
609 1543 719 1602 Contra
734 1541 845 1616 primas
860 1541 962 1616 itaque
978 1557 1088 1601 causas
1104 1559 1160 1616 pu·
1252 1613 1253 1618 γ

182 1645 276 1704 gnare
298 1628 461 1688 debemus:
488 1642 582 1686 causa
601 1632 701 1685 aulem
722 1625 897 1684 iracundiae
915 1625 1017 1699 opinio
1033 1625 1162 1685 iniuriae
1252 1633 1253 1642 ’

182 1721 238 1785 εει,
255 1711 304 1771 cui
319 1727 379 1772 non
395 1710 483 1770 facile
499 1710 684 1769 credendum
699 1716 755 1768 est.
778 1725 816 1768 ne
832 1709 945 1783 apertis
961 1710 1084 1784 quidem
1096 1726 1159 1768 ma·
1252 1767 1253 1778 ,

183 1795 364 1871 nileslisque
380 1794 478 1855 statim
492 1793 710 1854 accedendum.
741 1793 892 1866 quaedam
907 1793 987 1851 enim
1003 1793 1081 1852 laisa
1096 1794 1161 1852 veri

154 1879 317 1954 especiem
334 1880 441 1939 ierunt.
473 1877 612 1938 Dandum
634 1891 756 1951 semper
778 1882 826 1936 est
847 1883 980 1951 tempus=
1004 1877 1161 1936 veritatem

183 1965 249 2024 dies
265 1963 370 2038 aperit.
401 1963 446 2022 Ne
461 1961 522 2022 sint
536 1977 625 2021 aures
641 1961 867 2021 criminantibus
888 1960 1009 2020 faciles:
1030 1961 1090 2020 hoc
1105 1961 1160 2019 hu-

182 2062 290 2106 manae
315 2053 439 2106 naturae
464 2045 568 2104 vilium
593 2052 770 2119 suspectum
799 2053 965 2120 notumque
996 2043 1086 2104 nobis
1112 2045 1161 2115 sit,

183 2131 267 2205 quod
283 2137 362 2204 quae
377 2129 461 2189 inviti
476 2129 629 2202 audimus,
641 2124 769 2187 libenter
785 2129 936 2188 credimus
952 2134 983 2188 et
997 2135 1161 2201 antequam

153 2213 367 2286 aiudicemus,
394 2211 562 2272 irascimur.
605 2212 698 2286 Quid,
719 2211 803 2287 quod
823 2229 884 2272 non
900 2211 1161 2272 criminationibus

182 2305 305 2371 tantum,
321 2296 379 2357 sed
393 2295 620 2370 suspicionibus
636 2296 807 2370 inpellimur
823 2303 852 2355 ει
872 2312 910 2354 ex
926 2297 1010 2356 voltu
1031 2295 1162 2370 risuque

182 2380 282 2440 alieno
299 2381 404 2456 peiora
418 2379 604 2454 interpretati
619 2379 830 2439 innocentibus
847 2379 1026 2439 irascimur?
1052 2379 1161 2452 ltaque

181 2465 301 2539 agenda
322 2472 370 2524 est
388 2471 494 2524 contra
514 2479 549 2524 εε
570 2479 663 2523 eausa
682 2463 818 2524 absentis
839 2471 869 2522 el
890 2464 919 2521 in
940 2477 1094 2536 suspenso
1116 2463 1161 2521 ira

181 2547 348 2608 retinenda.
381 2555 484 2623 polest
497 2547 575 2607 enim
591 2563 692 2622 poena
706 2545 799 2606 dilata
813 2546 903 2621 exigi,
920 2563 979 2607 non
993 2553 1094 2621 potest
1106 2561 1160 2604 ex-

184 2639 250 2692 acta
267 2633 415 2693 revocari.
1251 2681 1252 2690 ,

154 2717 167 2768 l
242 2716 346 2776 XXlll.
377 2716 474 2777 Notus
490 2721 538 2775 est
552 2715 601 2774 ille
615 2712 806 2791 tyrannicida
819 2713 871 2789 qui
885 2714 1052 2788 inperfecto
1065 2729 1162 2788 opere
1251 2717 1252 2724 ’

182 2799 413 2873 conprehensus
431 2807 461 2858 ει
474 2798 513 2857 ab
528 2798 641 2873 Hippia
657 2804 769 2870 tortus,
792 2805 824 2858 ut
844 2799 986 2858 conscios
1001 2795 1161 2869 iudicaret,
1251 2803 1252 2820 ¹

182 2882 403 2941 circumstantis
428 2882 543 2940 amicos
568 2881 690 2958 tyranni
716 2879 882 2942 nominavit
901 2881 1074 2956 quibusque
1095 2897 1160 2940 ma·
1251 2885 1252 2896 ¹

181 2964 263 3023 xime
282 2980 383 3024 caram
404 2966 532 3024 salutem
556 2965 621 3024 eius
644 2963 769 3024 sciebat.
812 2972 841 3024 et
857 2980 925 3024 cum
946 2964 996 3023 ille
1010 2964 1160 3038 singulos,

181 3053 215 3107 ιιι
229 3047 371 3109 nominali
387 3055 480 3124 eraut,
498 3047 596 3108 occidi
610 3047 760 3118 iussisset,
769 3047 972 3123 interrogavit
983 3046 1091 3122 eequis
1107 3063 1160 3108 su·

181 3138 342 3206 peressetl
380 3133 458 3204 ‚,Tu‚
484 3131 596 3205 inquit,
621 3131 723 3190 solus:
740 3131 890 3192 neminem
908 3131 1093 3191 animalium
1111 3131 1162 3190 cui

182 3231 271 3274 carus
287 3231 374 3276 esses
386 3213 525 3290 reliqui.“
545 3214 654 3274 Effecit
668 3215 720 3288 ira,
738 3223 770 3275 ut
786 3223 932 3290 tyrannus
949 3215 1162 3292 tyrannicidae

182 3314 290 3358 manus
309 3298 559 3359 adcommodaret
572 3305 602 3358 et
616 3299 770 3372 praesidia
786 3316 842 3358 sua
856 3299 957 3373 gladio
976 3313 1034 3358 suo
1050 3300 1162 3358 caede·

152 3381 235 3441 iret.
270 3382 386 3457 Quanto
402 3380 570 3441 animosius
584 3382 780 3440 Alexander?
802 3383 853 3456 qui
868 3398 937 3442 cum
951 3379 1079 3456 legisset
1096 3383 1161 3456 epi·

182 3468 291 3539 stulam
308 3467 428 3540 matris,
456 3481 517 3541 qua
538 3465 773 3539 admonebatur,
797 3474 830 3525 ut
850 3482 869 3524 a
891 3481 1009 3526 veneno
1030 3463 1164 3540 Philippi
