2546 3890
314 221 365 283 DE
387 219 606 282 CLEMENTIA
629 221 735 282 LlB.l.
762 230 891 286 17—19.
1028 223 1090 288 293

120 373 285 434 formosius
300 371 332 433 id
346 387 417 433 esse
430 372 736 448 magnificentiusque
748 374 896 448 fatebitur,
912 393 974 450 quo
986 375 1016 436 in
1029 393 1090 437 rna-

118 457 176 518 iori
200 455 403 532 praestabitur
429 463 593 532 potestate,
622 473 712 532 quarn
738 475 798 518 non
823 466 944 534 oportet
968 459 1090 521 noxiam
1115 493 1126 520 t

118 556 206 614 esse,
229 539 256 600 si
270 540 311 602 ad
325 547 452 602 naturae
464 543 563 616 tegern
575 541 766 616 conponitur.
791 542 905 604 Natura
915 543 995 604 enim
1007 558 1086 606 com*
1105 539 1122 590 2

117 631 220 685 menta
234 630 282 684 est
294 639 413 700 regern,
436 625 519 700 quod
535 631 564 685 et
577 640 616 684 ex
626 623 693 684 aliis
705 625 885 687 animalibus
896 627 966 688 licet
976 643 1090 702 cogno-

118 723 206 769 scere
221 716 251 768 et
265 723 304 770 ex
318 708 445 784 apibus,
470 723 598 788 quarum
612 709 676 783 regi
691 709 913 785 amplissimum
928 710 1027 771 cubile
1043 719 1092 771 est

117 791 282 868 medioque
303 808 339 875 ac
359 791 510 854 tutissimo
531 793 611 853 loco.
640 799 799 868 praeterea
819 809 912 855 onere
933 802 1023 854 vacat
1037 811 1090 854 ex-

117 883 204 937 actor
224 875 390 937 alienorum
412 891 553 952 operum,
576 883 607 936 et
620 875 735 938 amisso
750 893 824 953 rege
840 885 935 940 totum
950 877 1092 940 dilabitur

118 965 283 1034 [cennech
305 975 362 1021 nec
382 965 527 1036 urnq'uam
546 961 617 1036 plus
638 977 731 1022 unum
752 961 906 1037 patiuntur
921 962 1090 1022 meliorem·

119 1059 180 1118 qne
201 1060 305 1120 pugna
324 1051 483 1121 quaerunt.
513 1050 671 1118 praeterea
691 1043 820 1120 insignis
840 1046 905 1120 regi
926 1046 1023 1106 torma
1044 1053 1092 1107 cst

118 1127 338 1204 dissimilisque
361 1128 470 1188 ceteris
489 1133 551 1186 tum
573 1126 795 1202 magnitudine,
820 1135 883 1190 tum
898 1129 1004 1190 nitore.
1031 1130 1091 1192 hoc

117 1217 218 1272 tamen
239 1212 370 1272 maxime
392 1211 594 1286 distinguitur.
626 1212 882 1273 iracundissimae
899 1227 936 1274 ac
950 1229 1007 1288 pro
1024 1229 1089 1274 cor·-

118 1297 204 1370 poris
226 1303 318 1370 captu
339 1296 585 1378 pugnacissimae
606 1304 677 1356 sunt
697 1311 773 1368 apes
794 1304 824 1357 et
839 1297 964 1358 aculeos
980 1297 1009 1356 in
1025 1298 1089 1358 vol-

117 1395 191 1438 nere
214 1379 402 1455 relinquunt=
430 1393 486 1439 rex
507 1379 574 1454 ipse
594 1379 661 1438 sine
675 1382 783 1439 aculeo
800 1387 855 1440 cst.
892 1379 993 1440 Noluit
1007 1380 1122 1442 illumb

117 1469 226 1524 natura
241 1479 298 1522 nec
312 1479 439 1523 saevum
454 1478 525 1523 esse
536 1477 592 1522 nec
603 1463 749 1524 ultionem
760 1479 871 1538 magno
883 1469 1091 1525 constaturam

117 1553 236 1621 petere,
260 1546 414 1622 telumque
435 1545 566 1606 detraxit
580 1555 609 1607 et
623 1545 697 1607 iram
712 1546 778 1608 eius
793 1547 939 1607 inermem
952 1547 1089 1624 reliquit=

116 1631 275 1706 exemplar
286 1630 345 1690 hoc
358 1629 475 1705 magnis
487 1629 611 1704 regibus
623 1631 731 1706 ingens
743 1637 799 1692 est.
823 1631 1011 1692 estenimilli
1022 1647 1089 1692 mos

117 1729 263 1775 exercere
283 1730 318 1774 se
338 1713 368 1773 in
392 1713 495 1788 parvis
516 1721 546 1774 et
566 1713 730 1788 ingentium
745 1731 847 1775 rerum
862 1715 1045 1776 documenta
1059 1718 1091 1777 in

116 1795 240 1858 minima
259 1813 372 1872 cupere.
409 1797 525 1856 Pudeat
544 1797 583 1856 ab
604 1798 723 1872 exiguis
745 1798 925 1858 animalibus
947 1815 1008 1860 non
1030 1797 1121 1858 tra-4

115 1881 189 1941 here
206 1897 324 1953 moreS,
347 1897 415 1940 cum
431 1887 513 1940 tanto
525 1879 680 1940 hominurn
691 1881 875 1942 moderatior
887 1897 958 1942 esse
969 1879 1089 1942 animus

117 1965 241 2037 debeat,
269 1972 382 2040 quanto
403 1963 612 2024 vehementius
627 1972 725 2024 nocet.
762 1965 882 2026 Utinam
900 1965 1022 2040 quidem
1038 1981 1087 2026 ea·

116 2048 186 2108 dem
206 2049 319 2109 homini
342 2049 391 2108 lex
412 2053 510 2120 esset,
533 2053 567 2108 ul
585 2049 629 2108 ira
649 2064 717 2109 curn
738 2049 798 2108 telo
820 2065 877 2109 suo
900 2050 1089 2122 frangeretur

115 2147 173 2192 nec
193 2133 319 2208 saepius
335 2132 439 2192 liceret
455 2147 568 2191 nocere
584 2147 675 2206 quam
691 2134 801 2206 semel,
825 2149 882 2194 nec
896 2133 1004 2192 alienis
1019 2132 1088 2193 viri·

116 2213 173 2276 bus
195 2231 340 2276 exercere
362 2215 447 2276 odia!
475 2215 564 2294 facile
586 2216 664 2274 enim
685 2216 852 2276 lassaretur
868 2217 966 2288 iuror,
991 2217 1017 2276 si
1034 2232 1089 2292 per

115 2313 150 2358 se
170 2299 228 2359 sibi
249 2298 439 2360 satisfaceret
455 2306 485 2360 et
500 2299 526 2358 si
541 2297 646 2359 mortis
661 2301 797 2374 periculo
813 2301 872 2360 vim
888 2317 975 2360 suam
990 2299 1088 2360 effun-

115 2383 209 2443 deret.
246 2383 308 2443 Sed
323 2399 361 2442 ne
376 2397 457 2442 nunc
472 2381 594 2456 quidem
608 2381 650 2442 illi
666 2399 775 2443 cursus
790 2391 872 2444 tutus
888 2391 944 2444 est.
973 2385 1118 2446 tantumb

115 2466 194 2525 enim
206 2478 336 2527 necesse
347 2473 394 2526 est
408 2466 524 2540 timeat,
544 2472 689 2539 quantum
701 2466 799 2526 timeri
810 2465 922 2539 voluit,
937 2473 967 2526 et
978 2483 1088 2526 manus

115 2549 249 2610 omnium
263 2551 406 2610 observet
416 2556 448 2610 et
458 2565 495 2608 eo
507 2563 631 2624 quoque
642 2554 787 2624 tempore,
797 2567 858 2625 quo
870 2563 931 2610 non
941 2556 1087 2624 captatur,

114 2632 176 2710 peti
189 2649 225 2694 se
235 2631 348 2693 iudicet
358 2635 534 2707 nullumque
545 2640 729 2693 momentum
741 2633 864 2694 inmune
877 2639 983 2706 ametu
995 2633 1087 2694 habe·

113 2724 159 2777 at:
176 2715 255 2776 hanc
267 2716 378 2790 aliquis
390 2731 481 2790 agere
494 2717 583 2776 vitam
598 2714 736 2792 sustinet,
751 2731 819 2777 cum
831 2717 921 2777 liceat
931 2717 1088 2777 innoxium

112 2801 197 2872 aliis,
219 2799 261 2860 ob
277 2799 336 2860 hoc
351 2815 494 2860 securum
508 2799 640 2860 salutare
655 2799 810 2876 potentiae
825 2800 874 2862 ius
888 2799 975 2860 laetis
992 2799 1088 2860 omni·

112 2885 171 2944 bus
191 2889 343 2944 tractaret
371 2883 566 2957 emmunim,
593 2883 620 2944 si
642 2884 710 2958 quis
732 2881 886 2946 existimat
907 2889 999 2944 tutum
1015 2899 1087 2944 esse

111 2967 153 3027 ibi
167 2982 280 3042 regem,
295 2964 348 3027 ubi
364 2967 438 3026 nihil
451 2983 470 3028 a
482 2982 557 3042 rege
572 2973 676 3042 tutum,
692 2969 749 3028 sed
761 2968 910 3029 securitas
923 2967 1086 3028 securitate

111 3054 215 3112 mrrtua
237 3051 423 3126 paciscenda
444 3057 500 3110 est.
534 3051 601 3112 Nun
623 3067 702 3126 opus
724 3059 772 3113 est
786 3050 936 3112 instruere
951 3051 980 3110 in
996 3052 1118 3112 alturnd

110 3136 209 3196 editas
225 3150 313 3196 arces
329 3151 386 3194 nec
401 3135 431 3194 in
446 3135 631 3195 adscensum
645 3135 760 3196 arduos
775 3128 869 3197 colles
883 3134 1018 3195 emunire
1030 3151 1088 3195 neo

110 3221 206 3280 latera
227 3219 374 3280 montium
395 3218 571 3293 abscidere,
594 3218 810 3294 multiplicibus
832 3235 867 3280 se
887 3217 981 3280 muris
998 3217 1086 3279 turri·

111 3303 232 3377 busque
254 3303 371 3377 sepire=
394 3302 513 3363 salvum
533 3317 636 3377 regem
657 3301 687 3362 in
703 3309 809 3378 aperto
825 3303 984 3364 clementia
999 3319 1086 3376 prae·

109 3386 210 3446 stabit.
251 3386 351 3447 Unum
373 3392 421 3447 est
439 3385 677 3462 inexpugnabile
698 3383 916 3448 munimentum
938 3401 1024 3447 amor
1045 3383 1086 3444 ci·

110 3471 201 3533 vium
236 3469 313 3544 Quid
328 3470 486 3546 pulchrius
502 3478 549 3532 est
564 3486 655 3546 quarn
668 3470 770 3531 vivere
783 3469 956 3548 optantibus
970 3469 1086 3530 uunutis
1100 3476 1117 3533 7
