2528 3906
191 225 251 294 tet
374 227 408 288 u.
428 225 575 286 anunm
596 225 772 288 sunnone
792 227 968 301 ortum.

188 379 294 444 uenire
308 378 402 440 hodie
418 385 515 454 potes,
531 379 620 440 cuius
634 395 686 440 res
701 387 762 440 tam
777 381 857 442 bene
873 381 992 458 positae
1007 383 1173 444 fundatae-

190 479 252 540 que
266 463 359 536 [sinit
380 469 414 522 ut
429 462 502 522 nihii
520 463 561 522 iiii
576 463 753 538 procedenti
766 470 905 540 tempore
919 466 1085 528 timendum
1108 467 1174 526 sita

188 546 306 609 Labant
320 545 451 608 humana
474 562 511 606 ae
525 543 623 606 fluunt
638 562 746 622 neque
766 547 828 608 ulia
848 565 921 624 pars
940 550 1021 609 vitae
1042 555 1172 610 nostrae

189 635 251 690 tam
269 629 404 690 obnoxie
424 637 476 691 aut
496 636 601 690 tenera
620 637 669 690 est
689 645 779 706 quam
801 647 882 706 quae
903 632 1035 692 maxime
1056 633 1172 712 piacet,

189 711 324 788 ideoque
346 712 531 774 felicissimis
546 715 683 787 optanda
701 729 784 774 mors
799 723 856 788 est,
878 716 950 790 quia
969 717 999 774 in
1017 721 1100 775 tanta
1123 715 1170 774 in-

190 796 361 858 constantia
375 796 525 871 turbaque
542 809 644 856 rerum
666 794 740 856 nihii
761 796 820 856 nisi
835 799 917 874 quod
934 799 1088 873 praeteriit
1102 813 1171 858 cer-

157 885 251 942 atum
268 886 325 938 est.
355 877 428 952 Quis
444 879 496 940 tibi
510 879 619 955 recipit
634 879 710 940 iliud
724 880 776 939 iiiii
792 881 834 940 tui
849 877 1084 957 pulcherrimum
1099 897 1171 940 cor-

189 978 248 1037 pus
257 968 412 1022 etsumma
423 962 551 1037 pudoris
565 963 705 1024 custodia
718 963 796 1022 inter
809 965 985 1025 luxuriosae
998 961 1081 1023 urbis
1094 979 1171 1024 ocu·

188 1047 237 1107 los
249 1051 472 1111 ,conservatum
496 1047 635 1120 potuisse
656 1055 685 1107 et
705 1047 830 1107 morbos
851 1047 893 1108 ita
913 1048 1054 1122 evadere,
1075 1055 1109 1107 ut
1129 1047 1173 1106 ad

190 1134 377 1190 senectutem
390 1128 539 1189 inlaesum
551 1130 699 1204 perterret
713 1131 829 1190 formae
843 1131 962 1192 decus?
982 1130 1087 1205 Cogita
1103 1131 1171 1188 ani-

189 1211 230 1272 mi
246 1211 327 1272 miiie
341 1212 437 1273 labos.
466 1214 661 1288 nequeenim
675 1219 759 1274 recta
775 1213 897 1289 ingenia
911 1215 1032 1290 quatem
1046 1212 1077 1272 in
1092 1213 1171 1274 adu-
1258 1197 1259 1268 ἶ

189 1296 365 1357 lescentiam
381 1311 469 1370 spem
484 1297 532 1356 sui
547 1298 691 1371 fecerant,
705 1312 805 1372 usque
819 1296 850 1356 in
862 1303 1050 1358 senectutem
1064 1303 1171 1370 pertu-
1258 1293 1259 1348 ἒ

189 1381 303 1452 ierunt,
325 1379 382 1440 sed
402 1380 569 1439 interversa
591 1382 770 1456 pierumque
790 1387 875 1440 sunt:
904 1386 956 1441 aut
976 1395 1046 1440 sera
1065 1395 1172 1454 coque

190 1462 311 1524 foedior
333 1462 453 1522 luxuria
471 1461 585 1522 invasit
604 1463 767 1537 coegitque
795 1463 1000 1524 dehonestare
1021 1464 1173 1537 speciosa

190 1543 350 1620 principia.
366 1551 417 1604 aut
433 1545 462 1603 in
479 1545 623 1619 popinam
639 1554 836 1621 ventremque
849 1549 974 1620 proiecti
984 1546 1072 1624 [aunt]
1085 1563 1171 1606 sum-

190 1643 302 1702 maque
326 1626 385 1688 iliis
407 1643 547 1688 curarum
569 1629 638 1699 iuit,
667 1630 741 1702 quid
768 1637 887 1702 esseut,
921 1629 994 1706 quid
1018 1627 1173 1692 biberent.

159 1711 288 1774 andree
302 1711 452 1782 incendia,
473 1711 589 1785 ruinas,
609 1712 769 1786 naufragia
788 1714 1052 1788 lacerationesque
1073 1714 1171 1772 medi-

193 1809 297 1854 corum
314 1809 389 1854 ossa
402 1795 482 1854 vivis
496 1796 659 1868 legentium
675 1803 798 1856 ettotas
813 1795 974 1856 inviscera
990 1811 1098 1856 naeuus
1114 1793 1171 1855 de-

192 1877 369 1938 mittentium
392 1885 422 1938 et
442 1893 502 1938 non
517 1895 577 1953 por
599 1879 767 1953 simplicem
789 1879 925 1940 dolorem
949 1879 1095 1955 pudenda
1116 1894 1171 1939 cu-

191 1960 332 2022 rantium.
362 1969 435 2037 post
449 1962 525 2022 haec
542 1963 664 2022 exilium
679 1977 796 2021 ——non
811 1962 867 2022 iuit
881 1963 1072 2024 innocentior
1086 1961 1171 2022 iilius

192 2052 263 2106 tuus
278 2059 369 2119 quam
381 2045 520 2116 Rutilius,
537 2060 805 2107 carcerem-non
820 2046 876 2106 iuit
888 2045 1056 2122 sapientior
1077 2059 1172 2120 quam

192 2127 352 2199 Socrates,
378 2129 549 2188 voluntario
572 2129 697 2188 volnere
720 2129 900 2189 transfixum
929 2136 1036 2204 pectus
1050 2143 1171 2188 -non

192 2211 247 2272 iuit
262 2209 396 2270 sanctior
411 2227 501 2285 quam
517 2211 605 2272 Cato:
628 2227 697 2272 eum
711 2212 770 2271 ista
785 2212 992 2288 perspexeris,
1014 2213 1095 2272 scies
1111 2227 1170 2285 op-

193 2293 263 2353 time
285 2308 352 2353 eum
374 2292 422 2355 his
443 2295 500 2369 agi,
525 2312 604 2369 quos
620 2303 743 2366 natura,
766 2295 927 2371 quia-ilios
946 2295 1006 2354 hoo
1026 2293 1173 2354 manebat
1259 2313 1260 2374 ι

191 2377 274 2436 vitae
285 2376 478 2452 stipendium,
495 2379 553 2438 cito
568 2379 597 2437 in
612 2384 708 2438 tutum
722 2379 847 2454 recepit.
881 2377 960 2438 Nihil
975 2386 1023 2439 est
1036 2385 1098 2437 tom
1113 2379 1170 2436 iai·
1259 2409 1260 2412 =

192 2461 244 2520 iax
259 2475 349 2556 quam
364 2460 426 2520 vita
440 2460 580 2534 humana,
595 2461 669 2520 nihii
682 2469 744 2522 tam
757 2459 955 2523 insidiosum·
974 2479 1034 2523 non
1051 2459 1170 2520 meher·
1259 2509 1260 2518 ,

193 2544 278 2604 cules
299 2543 463 2618 quisquam
481 2545 562 2604 iiiam
583 2545 769 2620 accepisset,
791 2543 849 2604 nisi
870 2546 993 2606 daretur
1013 2543 1170 2606 inscienti-

172 2627 260 2688 bus.
283 2628 385 2702 itaque
398 2628 425 2687 si
440 2628 648 2688 felicissimum
659 2634 707 2688 est
722 2643 782 2686 non
797 2627 893 2703 nasci,
910 2627 1082 2704 proximum
1094 2634 1170 2702 puto

160 2709 278 2771 iuravi
291 2717 388 2772 onata
404 2711 565 2772 deiunotos
580 2710 664 2771 cito
655 2729 685 2770 m
701 2711 852 2786 integrum
869 2713 996 2773 restitui
1023 2711 1170 2786 Propone

193 2793 266 2855 iliud
282 2793 512 2854 acerbissimum
527 2795 581 2855 tibi
590 2803 722 2872 tempus,
738 2811 799 2892 quo
812 2793 942 2856 Seianus
954 2801 1071 2871 patrem
1084 2802 1170 2855 tuum

194 2875 293 2936 clienti
307 2891 366 2936 suo
382 2876 481 2938 Satrio
498 2877 642 2938 Secundo
658 2879 846 2953 congiarium
862 2879 954 2941 dedit.
979 2878 1170 2942 irascebatur

192 2958 234 3017 itti
247 2958 286 3018 ob
302 2973 393 3018 unum
404 2962 590 3020 autaiterum
603 2961 856 3035 iiberiusdietum,
874 2964 955 3038 quod
966 2963 1074 3022 tacitus
1090 2963 1171 3020 terre

193 3057 253 3101 non
269 3047 408 3116 potuerat
422 3041 565 3104 Seianum
580 3045 610 3103 in
626 3046 761 3106 cemicas
777 3053 898 3106 nostras
920 3061 959 3106 ne
973 3043 1080 3120 inponi
1102 3044 1169 3118 qui-

194 3124 271 3196 dem,
288 3126 343 3186 sed
365 3128 542 3188 escendere.
572 3128 793 3190 decernebatur
808 3128 851 3188 ilii
866 3137 966 3189 statua
986 3129 1016 3188 in
1031 3126 1171 3202 Pompeii

193 3206 311 3268 theatro
328 3211 480 3284 ponenda,
500 3212 583 3286 quod
598 3220 740 3272 exustum
752 3212 866 3272 Caesar
880 3213 1046 3272 reficiebat.
1065 3213 1171 3270 excia-

165 3289 289 3350 5mavit
303 3292 421 3353 Cordus
442 3299 532 3354 tun'o
546 3310 636 3353 vere
657 3295 843 3354 theatrum
858 3297 997 3371 perire.
1026 3294 1106 3368 Quid
1123 3309 1171 3353 er-

194 3380 253 3446 goi
281 3390 341 3436 non
354 3385 543 3450 rumperetur
558 3393 653 3451 supra
670 3379 789 3439 eineres
805 3378 857 3437 Cn.
872 3377 1009 3453 Pompeii
1025 3377 1172 3436 constitui

195 3455 335 3518 Seianum
352 3465 381 3517 et
394 3459 422 3517 in
435 3458 636 3520 monumentis
647 3463 770 3520 maximi
787 3461 978 3537 imperatoris
991 3457 1170 3525 consecrari
