2528 3906
156 273 212 333 AD
233 270 458 332 GALLIONEM
478 273 530 334 DE
552 273 647 334 VITA
666 275 807 336 BEATA.
831 285 950 342 11—13.
987 277 1049 340 149

67 425 218 486 Desinant
230 438 304 498 ergo
317 423 561 484 inconvenientia
572 425 698 500 iungere
710 435 739 486 et
751 427 852 489 virtuti
863 433 1048 506 voluptatem
1062 441 1080 493 3

67 509 227 583 inplicare,
244 521 301 581 per
315 509 399 582 quod
413 507 517 568 vitium
530 509 674 583 pessimis
691 510 866 587 quibusque
877 515 1046 576 adulantur.

67 592 121 652 llle
129 589 251 653 effusus
259 590 477 666 inuoluptates,
489 593 698 653 ructabundus
706 607 830 670 semper
836 604 927 673 atque
934 599 1047 674 ebrius,

68 677 142 751 qnia
159 673 217 734 scit
232 690 267 734 se
283 689 351 734 cum
364 675 522 750 voluptate
542 675 656 750 vivere,
672 677 769 738 credit
789 687 819 738 et
840 696 909 740 cum
928 683 1048 742 virtute.

66 757 153 818 audit
167 758 248 818 enim
255 759 441 832 voluptatem
450 759 731 834 separariavirtnte
739 777 800 823 non
809 776 914 838 posse.
937 765 1048 824 deinde

65 843 148 902 vitiis
165 839 231 902 suis
247 841 428 916 sapientiam
446 841 584 903 inscribit
598 851 628 904 et
641 844 861 906 abscondenda
875 847 1046 923 profitetur.

64 927 175 1000 ltaque
190 941 251 985 non
269 925 307 984 ab
322 923 455 1000 Epicuro
469 927 584 1001 inpulsi
598 927 803 1002 luxuriantur,
827 933 884 991 sed
898 931 978 992 vitiis
995 934 1046 992 de·
1061 935 1079 990 t

66 1008 121 1069 diti
135 1009 289 1069 luxuriam
301 1025 388 1070 suam
403 1011 433 1068 in
446 1009 661 1085 philosophiae
676 1013 746 1072 sinu
761 1013 954 1076 abscondunt
965 1025 996 1076 et
1009 1033 1046 1077 eo

64 1098 261 1165 concurrunt,
273 1091 457 1155 oblandiant
467 1095 584 1154 laudari
595 1095 792 1171 voluptatem.
808 1111 864 1157 nec
876 1099 1046 1174 aestimant,

63 1177 212 1252 voluptas
227 1173 430 1252 trineptem,
452 1177 494 1236 ita
514 1177 595 1237 enim
610 1179 800 1241 mehercules
816 1182 931 1256 sentio,
954 1197 1045 1258 quam

64 1261 173 1322 sobria
188 1275 224 1320 ac
240 1257 322 1320 sicca
338 1257 386 1333 sit,
409 1261 465 1321 sed
481 1262 644 1322 adnomen
665 1264 767 1338 ipsum
786 1265 931 1326 advolant
952 1283 1045 1342 quee-

63 1429 173 1504 ltaque
188 1427 372 1503 qnodunum
384 1429 536 1490 habebant
547 1427 578 1489 in
591 1431 679 1490 malis
695 1431 806 1492 bonum
820 1435 961 1508 perdunt,
974 1447 1045 1509 pec·
1062 1435 1078 1485 5

64 1511 159 1572 candi
179 1513 404 1594 verecundiam.
444 1514 569 1588 laudant
583 1513 663 1574 enirn
683 1531 734 1589 ea,
756 1516 867 1591 quibus
883 1515 1044 1577 erubesce·

63 1597 140 1657 bant
153 1603 183 1656 et
196 1595 267 1656 vitio
275 1595 450 1670 gloriantur.
466 1598 599 1674 ideoque
611 1614 650 1658 ne
660 1615 823 1673 resurgere
836 1600 958 1675 quidem
971 1601 1045 1660 adu-

63 1677 319 1754 lescentiaelicet,
335 1695 404 1740 cum
417 1681 566 1742 honestus
579 1681 659 1758 turpi
673 1681 810 1743 desidiae
822 1683 925 1744 titulus
939 1699 1044 1744 acces·

65 1765 119 1824 sit:
141 1763 258 1824 honest
265 1780 318 1824 cur
333 1765 391 1825 ista
400 1765 564 1840 voluptatis
579 1766 712 1826 laudatio
727 1765 899 1842 perniciosa
908 1766 961 1841 sit,
974 1769 1046 1844 quia

65 1849 199 1907 honesta
216 1857 379 1924 praecepta
394 1847 473 1908 intra
487 1851 589 1921 latent,
612 1851 695 1925 quod
710 1849 886 1926 corrumpit,
909 1852 1046 1925 adparet.

127 1929 207 1990 Xlli.
228 1931 262 1991 ln
277 1947 314 1990 ea
330 1931 454 2006 quidem
468 1933 537 2008 ipsa
548 1933 699 1994 sententia
713 1949 790 2008 sum,
805 1933 906 1994 invitis
918 1933 978 1994 hoc
992 1949 1045 1992 no·
1065 1943 1076 1994 t

64 2016 140 2076 stris
156 2013 356 2090 popularibus
372 2016 480 2088 dicam,
503 2025 609 2076 sancta
622 2014 787 2091 Epicurum
807 2025 838 2078 et
857 2023 941 2076 recta
958 2033 1045 2092 prae-

65 2098 171 2174 cipere
186 2107 225 2172 et,
241 2099 267 2158 si
279 2100 406 2174 propius
419 2101 599 2174 accesseris,
615 2101 726 2161 tristia:
748 2103 890 2178 voluptas
903 2101 982 2160 enim
997 2101 1048 2159 illa

9 2213 10 2216 κ
64 2184 106 2242 ad
123 2197 251 2257 parvum
268 2189 298 2242 ct
313 2184 393 2244 exile
407 2191 570 2244 revocatur
584 2193 614 2244 et
636 2202 726 2260 quam
746 2201 804 2245 nos
828 2185 928 2245 virtuti
947 2187 1047 2258 legem

64 2265 208 2340 dicimus
230 2281 297 2326 eam
312 2267 362 2326 ille
377 2265 450 2327 dicit
472 2269 635 2344 voluptati:
657 2269 741 2330 iubet
760 2269 841 2328 illam
862 2283 971 2343 parere
993 2283 1046 2326 na-

63 2357 162 2409 turae.
194 2364 302 2425 parum
317 2357 364 2410 est
378 2359 477 2412 antem
493 2348 631 2412 luxuriae
646 2353 730 2428 qnod
747 2360 874 2413 naturae
895 2351 970 2412 satis
988 2357 1045 2410 est.

65 2431 146 2507 Quid
168 2449 242 2508 ergo
258 2438 327 2493 est?
354 2435 427 2508 [ille]
445 2435 584 2510 quisquis
598 2437 787 2496 desidiosum
803 2435 897 2496 otium
914 2443 943 2494 et
956 2437 1046 2509 gulae
1061 2437 1078 2488 2

65 2531 102 2576 ac
114 2517 249 2577 libidinis
261 2517 346 2578 vices
360 2519 531 2579 felicitatem
543 2527 644 2593 vocat,
659 2521 773 2580 bonum
785 2521 882 2580 malae
895 2519 939 2577 rei
952 2532 1046 2592 quae-

63 2601 104 2659 rit
119 2605 274 2661 auctorem
290 2609 327 2676 et,
351 2601 423 2662 dum
443 2603 495 2663 illo
511 2604 594 2662 venit
613 2604 726 2662 blando
747 2604 870 2662 nominc
891 2603 1044 2669 inductus,

64 2685 207 2758 seqnitur
222 2688 409 2762 voluptatem
423 2701 483 2747 non
505 2703 595 2761 quarn
618 2686 716 2760 audit,
738 2687 793 2745 sed
816 2699 907 2760 quam
929 2683 1045 2754 adtulit,

64 2775 96 2826 et
111 2767 184 2827 vitia
198 2785 256 2829 sua
270 2784 336 2829 cum
354 2769 454 2846 coepit
465 2779 573 2845 putare
589 2769 697 2829 similia
711 2769 893 2844 praeceptis,
909 2769 1047 2841 indulget

62 2851 124 2912 illis
138 2869 200 2912 non
211 2854 315 2913 timide
326 2868 383 2912 nec
395 2855 536 2914 obscure.
545 2855 721 2926 luxuriatur,
730 2861 759 2912 et
769 2851 927 2924 inmunde,
938 2857 1045 2926 aperto

64 2937 177 3011 capite.
205 2937 312 3012 ltaque
327 2953 388 2997 non
404 2938 512 3011 dicam,
535 2938 620 3017 quod
633 2937 772 3012 plerique
792 2941 975 3008 nostrorum,
997 2949 1045 2994 se-

64 3026 145 3078 ctam
155 3017 281 3095 Epicuri
295 3021 478 3096 flagitiorum
498 3021 671 3094 magistram
687 3035 767 3093 esse,
788 3020 845 3079 sed
866 3019 940 3078 illud
960 3018 1045 3078 dicor

64 3105 146 3163 male
162 3105 255 3178 audit,
271 3105 392 3164 infamis
408 3112 463 3178 est,
479 3112 509 3164 et
522 3102 671 3165 inmerito.
698 3103 783 3178 „Hoc
799 3103 878 3163 scire
893 3103 944 3178 qui
959 3109 1076 3176 potere

63 3187 126 3247 nisi
142 3187 269 3248 interius
283 3189 483 3248 admissnst“
503 3187 602 3248 Frons
617 3187 683 3247 cius
699 3188 768 3262 ipsa
780 3188 831 3246 dat
841 3189 941 3247 locum
958 3185 1044 3244 iabu-

62 3272 114 3330 lae
130 3279 160 3332 et
176 3273 214 3332 ad
229 3273 340 3332 malam
355 3289 443 3348 spem
458 3272 567 3333 inritat.
595 3271 655 3332 hoc
670 3273 730 3330 tale
746 3277 800 3344 est,
818 3271 909 3345 quale
922 3269 969 3328 vir
984 3270 1045 3328 lor-

63 3354 103 3413 tis
119 3357 230 3418 stolam
245 3356 380 3417 indutus
409 3357 559 3417 constanti
581 3353 633 3414 tibi
653 3353 799 3430 pudicitia
816 3354 943 3414 virilitas
959 3354 1046 3410 salva

63 3445 121 3512 est,
138 3441 212 3500 nulli
228 3456 341 3516 corpus
357 3449 441 3502 tuum
455 3442 536 3516 turpi
548 3439 709 3515 patientiae
726 3446 821 3510 vacat,
838 3436 938 3496 sedin
953 3449 1046 3526 manu

63 3528 245 3600 tympanum
262 3533 323 3585 est=
347 3525 449 3585 titulus
470 3525 571 3600 itaque
586 3525 735 3584 honestus
751 3523 880 3597 eligatur
895 3525 924 3578 et
939 3518 1044 3574 inscri-
