2546 3890
190 197 253 266 250
374 200 409 263 L.
432 201 579 264 ANNAEI
599 201 774 264 SENECAE
794 201 897 264 DIAL.
916 203 980 264 llll.

189 373 284 432 mum,
302 373 362 418 non
375 355 473 430 magis
486 371 576 429 quam
588 356 668 415 ullus
680 355 813 416 sulliciet
823 355 931 416 humor
942 356 982 416 ad
992 357 1167 419 satiandum

189 457 275 512 eum,
298 439 386 501 cuius
408 438 595 501 desiderium
617 455 677 499 non
696 454 734 498 ex
749 438 868 514 inopia,
890 439 946 499 sed
962 456 1002 500 ex
1015 449 1102 500 aestu
1117 441 1166 502 ar-

190 523 325 584 dentium
342 523 494 582 viscerum
509 522 612 583 oritur.
636 521 791 582 nonenim
806 522 871 582 sitis
887 523 953 596 illa,
970 525 1027 584 scd
1038 526 1166 586 morbus

163 613 246 668 test.
281 606 355 667 Neo
376 606 447 666 boc
467 605 504 664 in
525 605 690 681 pecunia
709 611 852 665 tantum
878 612 943 665 aut
968 606 1166 678 alimentis

188 690 335 750 evenit:
364 689 496 748 eadem
521 685 659 748 natura
681 695 741 749 est
764 690 800 747 in
825 689 927 750 omui
948 689 1166 766 desiderio,

191 772 424 850 quodmodo
446 788 519 832 non
541 770 1165 846 exinopia,sedexvitionasci·

190 865 260 919 tur.
293 855 441 931 quicquid
457 855 499 915 illi
514 855 725 928 congesseris,
747 870 808 914 non
823 854 893 916 ilnis
908 856 965 915 erit
979 855 1164 934 cupiditatis,

191 940 246 1001 sed
269 939 394 1015 gradus.
436 937 493 1013 Qui
514 937 679 999 continebit
704 939 807 1014 itaque
831 954 868 998 se
892 940 971 1000 intra
996 941 1165 1002 naturalem

190 1024 329 1098 modurn,
351 1019 564 1098 paupertatem
576 1039 637 1084 uon
649 1022 772 1082 sentiet:
796 1023 849 1098 qui
861 1023 1027 1084 naturalem
1039 1026 1164 1086 modum

190 1107 325 1181 excedit,
346 1123 415 1166 eum
429 1107 460 1166 in
475 1107 601 1168 summis
613 1106 860 1182 quoqueopibus
874 1114 1040 1182 paupertas
1051 1124 1164 1184 seque·

189 1198 246 1252 tur.
280 1191 471 1252 Necessariis
492 1190 585 1252 rebus
607 1199 638 1252 et
657 1189 749 1250 exilia
768 1188 939 1263 sufficiunt,
961 1193 1165 1266 supervacuis

162 1272 249 1336 5nec
270 1290 374 1350 regna.
410 1273 539 1334 Animus
561 1281 624 1345 cst,
648 1273 701 1348 qui
721 1273 831 1335 divites
851 1274 932 1335 lacit.
960 1273 1009 1333 hio
1024 1274 1054 1334 in
1071 1275 1167 1335 exilia

190 1360 329 1434 sequitur
350 1365 380 1418 et
406 1359 436 1418 in
456 1356 671 1418 solitudinibus
695 1357 889 1432 asperrimis,
919 1373 988 1419 cum
1015 1367 1166 1433 quantum

189 1442 265 1504 satis
281 1452 328 1504 est
339 1439 519 1504 sustinendo
532 1442 654 1516 corpori
665 1439 794 1513 invenit,
809 1441 879 1516 ipse
889 1441 978 1502 bonis
990 1443 1054 1502 suis
1066 1443 1165 1504 abun-

189 1527 286 1586 dotet
300 1526 419 1586 fruitura
441 1523 573 1599 pecunia
586 1525 627 1584 ad
638 1525 768 1585 animum
782 1524 854 1584 nihil
866 1525 1010 1600 pertinet,
1026 1543 1087 1586 non
1099 1543 1165 1587 ma·

192 1610 239 1683 gis
261 1625 351 1683 quam
372 1609 413 1668 ad
434 1607 512 1670 deos
533 1608 708 1670 inmortales
730 1607 832 1669 omnia
846 1609 918 1684 ista,
939 1625 1018 1684 quae
1033 1610 1167 1686 inperita

160 1691 313 1766 diogenio
334 1699 365 1752 et
383 1691 472 1752 nimis
494 1691 677 1767 corporibus
698 1693 764 1754 suis
778 1692 902 1754 addicta
915 1693 1097 1768 suspiciunt.
1119 1697 1165 1754 la·
1258 1769 1259 1774 ἵ

191 1775 295 1851 pides,
317 1791 436 1852 aurum,
459 1783 618 1854 argentum
633 1784 663 1840 et
683 1776 784 1852 magni
803 1776 974 1853 laevatique
988 1793 1165 1838 mensarum

190 1859 283 1921 orbes
304 1867 425 1922 terrena
439 1869 510 1923 sunt
526 1862 678 1937 pondera,
695 1877 775 1937 quae
790 1878 851 1923 non
867 1869 970 1938 potest
983 1877 1085 1924 amare
1099 1861 1163 1922 sin·
1258 1867 1259 1897 ³

192 1959 280 2006 cerus
293 1945 413 2008 animus
426 1961 464 2006 ac
477 1953 603 2006 naturae
618 1961 694 2006 suae
708 1961 839 2019 memor,
856 1947 933 2006 levis
948 1946 1031 2022 ipse,
1047 1963 1165 2022 expers

191 2036 222 2088 et
244 2030 430 2104 quandoque
455 2029 589 2092 emissus
615 2029 725 2104 luerit,
754 2031 938 2091 adsumme
963 2030 1164 2092 emicaturus=
1257 2037 1258 2048 ¹

190 2112 307 2172 interim
324 2120 469 2188 quantum
489 2129 546 2189 per
559 2130 661 2178 nroras
677 2115 880 2178 membrorum
895 2121 925 2176 et
938 2113 1018 2175 hanc
1033 2115 1164 2186 circum-

189 2198 288 2256 iusam
303 2211 427 2271 gravem
441 2195 593 2258 sarcinam
608 2198 693 2271 licet,
708 2199 800 2260 celeri
809 2208 840 2261 et
852 2197 967 2260 volucri
979 2199 1164 2276 cogitatione

160 2279 294 2340 'ldivina
313 2281 484 2354 perlustrat.
521 2281 655 2358 ideoque
675 2298 731 2342 neo
750 2286 874 2344 exulare
894 2299 1039 2359 umquam
1060 2291 1165 2358 potest

189 2362 267 2423 liber
287 2370 317 2424 et
337 2364 384 2424 dis
406 2373 555 2441 cognatus
575 2373 605 2427 et
619 2366 701 2426 omui
715 2369 828 2428 mundo
844 2367 988 2442 omnique
1001 2383 1080 2428 aevo
1096 2383 1164 2441 par.

189 2463 259 2508 uam
280 2447 424 2524 cogitatio
445 2450 512 2511 eius
533 2451 615 2511 circa
635 2467 725 2512 omne
747 2453 866 2512 coelum
879 2457 909 2510 et
922 2451 953 2510 in
969 2466 1059 2511 omne
1073 2466 1163 2526 prae·

189 2532 309 2594 teritum
325 2535 521 2612 futurumque
536 2541 656 2611 tempus
668 2533 832 2596 inmittitur.
860 2535 1079 2609 corpusculum
1090 2533 1163 2605 hoc,
1256 2563 1257 2568 κ

190 2616 332 2679 custodia
352 2626 382 2678 et
403 2619 554 2680 vinculum
571 2619 676 2691 animi,
700 2619 759 2679 huc
774 2624 866 2692 atque
882 2617 954 2678 illuc
968 2617 1104 2678 iactatur.
1130 2617 1163 2676 in
1256 2619 1257 2660 ³

189 2699 252 2762 hoc
269 2702 436 2777 supplicia,
458 2704 488 2762 in
509 2702 567 2762 hoc
590 2701 762 2774 latrocinia,
784 2701 812 2760 in
829 2701 889 2762 hoc
903 2701 1000 2762 morbi
1015 2716 1163 2761 exercen-

189 2790 253 2842 tur=
277 2785 394 2845 animus
411 2786 535 2862 quidem
549 2784 617 2860 ipse
632 2800 721 2845 sacer
735 2791 765 2844 et
779 2791 920 2845 aeternus
935 2791 982 2844 est
996 2791 1026 2844 et
1039 2785 1087 2845 cui
1100 2800 1162 2843 non
1256 2789 1257 2804 *

189 2867 290 2942 possit
304 2868 375 2927 inici
391 2885 509 2928 manus.
864 2926 867 2930 .
1104 2930 1109 2952 ,

161 2961 174 3010 a
250 2951 314 3010 XII.
347 2951 398 3010 Ne
424 2968 479 3012 me
506 2957 617 3026 putes
638 2951 684 3010 od
705 2952 900 3012 elevanda
921 2951 1163 3011 incommoda

191 3035 456 3108 paupertatis,
487 3051 595 3110 quam
618 3051 725 3095 nemo
745 3050 899 3109 gravem
922 3036 1057 3106 sentit,
1085 3033 1163 3094 nisi

191 3116 253 3189 qui
283 3124 405 3191 putat,
435 3119 488 3178 uti
517 3124 661 3178 tantum
684 3119 908 3194 praeceptis
931 3118 1163 3193 sapientum.
1255 3177 1256 3188 ,

190 3198 320 3259 Primum
335 3199 476 3274 adspice,
502 3207 615 3275 quanto
630 3201 726 3261 maior
741 3217 813 3274 pars
828 3202 867 3262 sit
881 3217 1064 3276 pauperum,
1081 3215 1164 3279 quos
1255 3211 1256 3270 t

189 3280 283 3342 nihilo
304 3283 424 3344 nombis
442 3284 590 3345 tristiores
611 3284 868 3360 sollicitioresque
883 3283 1042 3344 divitibus=
1069 3283 1164 3344 immo

111 3373 113 3378 '
191 3364 295 3425 nescio
316 3381 354 3423 on
369 3379 406 3424 eo
420 3367 562 3426 laetiores
577 3368 652 3441 sint,
676 3368 760 3442 quod
773 3368 892 3428 animus
907 3368 1026 3428 illorum
1039 3367 1070 3426 in
1085 3382 1165 3440 pau·
1179 3423 1184 3430 .

161 3448 273 3508 lciora
294 3447 490 3522 distringitur.
526 3449 730 3510 Transeamus
745 3467 766 3510 α
777 3451 960 3527 pauperibus
973 3466 1054 3511 nunc
1067 3456 1099 3511 ct
1110 3465 1168 3512 ve·
