2554 3888
205 247 269 310 aaa
383 246 417 306 1.
440 221 585 306 omnir
601 215 782 306 ’11111οΑ1
803 246 904 306 orm.
927 247 977 306 xr.

206 402 352 462 audacter
372 399 510 460 dixerim.
545 396 618 474 quid
639 403 735 472 ergo?
762 412 960 472 quemnemo
984 397 1137 458 adversus
1153 406 1184 458 te

207 486 338 545 animum
355 483 447 558 gerit,
469 498 538 542 eum
553 497 624 541 esse
639 489 671 540 tu
686 479 787 540 credis
802 479 902 540 fratris
918 481 976 553 tui,
997 487 1031 541 ut
1045 481 1182 541 cruciatu

205 569 249 629 tui
275 574 388 627 noceat
410 566 478 638 tibi,
503 573 536 624 ut
555 573 585 625 te
605 564 678 644 velit
697 562 852 624 abducere
873 562 911 622 ab
926 565 1183 638 occupationibus

206 653 276 725 tuis,
292 650 323 709 id
338 657 386 710 est
400 665 418 708 a
432 649 534 708 studio
550 655 580 708 et
593 663 612 706 a
624 647 776 706 Caesarei
791 663 851 706 non
868 654 915 706 est
926 647 985 707 boc
997 647 1096 706 simile
1109 649 1181 706 veri.

206 735 257 794 illc
279 733 357 792 enim
374 729 591 806 indulgentiam
605 730 658 790 tibi
673 737 828 804 tamquam
844 731 927 790 fratri
945 730 1109 805 praestitit,
1132 746 1183 789 ve-

208 818 394 877 nerationem
414 813 565 889 tamquam
580 816 709 888 parenti,
725 815 838 874 cultum
854 821 1008 888 tamquam
1020 813 1184 889 superiori.
1218 859 1222 872 .

207 903 257 960 ille
272 897 427 958 desiderio
445 897 496 957 tibi
513 913 585 958 esse
599 898 671 970 vult,
686 903 835 956 tormento
850 913 921 956 csse
937 913 998 957 uon
1010 899 1084 958 vult.
1107 897 1184 970 Quid

207 986 310 1056 itaque
332 981 416 1040 iuvat
437 981 534 1042 dolori
558 979 762 1052 intabescere,
789 997 894 1054 quem,
920 980 948 1040 si
963 980 1033 1055 quis
1049 978 1184 1040 defuncti

178 1075 322 1128 tseusus
338 1072 401 1136 est,
416 1063 495 1123 finiri
511 1065 602 1122 irater
616 1070 686 1122 tuus
704 1063 807 1138 cupita
832 1065 876 1124 De
891 1062 950 1124 alio
966 1064 1073 1137 tratre,
1097 1065 1184 1123 cuius

207 1151 323 1208 incerta
339 1155 446 1222 posset
458 1149 598 1207 voluntas
609 1146 717 1216 videri,
731 1147 832 1206 omnia
843 1147 919 1206 haec
932 1146 1025 1207 dubie
1037 1161 1185 1222 ponerem

208 1242 238 1293 et
254 1233 404 1291 dicerem:
418 1275 436 1304 ,‚
445 1231 511 1290 sive
525 1239 554 1291 te
569 1228 706 1304 torqueri
720 1229 852 1290 lacrimis
864 1244 1029 1303 numquam
1041 1231 1184 1290 desinen-

207 1315 289 1377 tibus
316 1316 407 1375 lrater
431 1322 502 1374 tuus
529 1313 627 1388 cupit,
656 1308 797 1386 indiguus
822 1313 882 1373 hoc
906 1314 1029 1374 adiectu
1049 1321 1102 1374 tuo
1126 1319 1182 1372 cst.
1259 1307 1260 1344 ³

209 1401 276 1460 sive
302 1415 363 1459 non
392 1399 468 1471 vult,
497 1397 618 1471 utrique
648 1403 783 1455 vestrum
810 1396 1016 1457 inhaerentem
1041 1398 1181 1457 dolorem

210 1483 339 1542 dimitte:
357 1497 415 1540 nec
430 1481 531 1556 inpius
544 1480 635 1539 irater
646 1479 691 1538 sic
703 1480 871 1540 desiderari
884 1481 976 1543 debet
986 1495 1043 1540 nec
1056 1481 1184 1555 01111111ι

210 1567 312 1626 velit.“
334 1565 364 1622 in
379 1563 438 1624 boc
454 1577 538 1635 vero,
554 1564 641 1622 cuius
656 1569 717 1622 tam
733 1565 892 1637 explorata
908 1565 1015 1638 pietas,
1031 1579 1086 1638 pro
1100 1571 1183 1624 cerlo

209 1647 384 1718 habendum
402 1654 450 1707 est
465 1646 537 1705 nihil
552 1662 623 1706 esse
638 1645 678 1704 illi
696 1661 790 1720 posse
805 1646 946 1706 acerbius
962 1663 1053 1722 quam
1068 1647 1141 1724 [hic]
1158 1647 1184 1705 si

209 1731 263 1790 tibi
283 1745 374 1790 casus
395 1730 461 1790 eius
483 1730 613 1789 acerbus
635 1737 697 1802 est,
719 1730 745 1789 si
765 1737 795 1790 te
811 1731 870 1790 ullo
889 1730 981 1792 modo
997 1737 1135 1805 torquet,
1158 1731 1184 1788 si

211 1815 317 1876 oculos
332 1821 412 1887 tuos,
427 1812 658 1888 indignissimos
674 1813 734 1872 boc
751 1814 839 1887 malo,
855 1813 922 1874 sine
937 1813 999 1874 ullo
1014 1813 1109 1874 llendi
1124 1815 1184 1873 line

210 1906 240 1958 et
254 1898 414 1958 conturbat
427 1898 507 1957 idem
522 1904 552 1956 et
565 1897 712 1956 exhaurit.

177 1983 195 2036 4
271 1980 455 2041 Pietatem
477 1979 1185 2054 tamentuamnilrilaequealacrimis

210 2073 281 2125 tam
302 2063 510 2123 inutilibus
536 2064 716 2134 abducet,
745 2079 853 2137 quam
879 2064 911 2122 si
939 2064 1185 2138 cogitaveris

212 2146 401 2212 iratribus
423 2147 550 2206 tetuis
566 2148 743 2222 exemplo
759 2147 1186 2207 essedeberelortiter

163 2289 166 2298 ,
210 2229 955 2291 lrauclortunaciniuriamsustinendi.
985 2230 1072 2304 Quod
1088 2231 1186 2290 duces

210 2311 312 2386 magni
336 2312 449 2372 iaciunt
468 2313 562 2373 rebus
576 2314 718 2386 adiectis,
740 2320 773 2374 ut
787 2313 966 2376 hilaritatem
982 2315 1021 2374 de
1036 2315 1188 2374 industria

212 2397 353 2456 simulent
374 2403 403 2454 et
423 2398 570 2456 adversas
590 2413 642 2456 res
662 2397 840 2457 adumbrata
855 2398 967 2458 laetitia
983 2397 1186 2468 abscondant,

211 2497 249 2540 ne
272 2480 396 2539 militum
417 2481 522 2551 animi,
545 2481 571 2540 si
591 2482 716 2540 tractam
730 2481 817 2540 ducis
833 2481 881 2541 sui
896 2489 1026 2541 mentem
1046 2481 1187 2555 viderint,

211 2575 240 2625 et
261 2564 318 2639 ipsi
341 2563 550 2624 collabantur:
569 2565 600 2624 id
618 2580 698 2624 nunc
722 2563 774 2624 tibi
797 2580 922 2640 quoque
941 2566 1114 2626 laciendum
1128 2571 1187 2625 est.

183 2649 306 2708 bluduc
328 2647 507 2708 dissimilem
529 2649 629 2708 animo
645 2655 696 2708 tuo
712 2649 826 2708 voltum
843 2655 886 2723 et,
908 2649 934 2709 si
949 2657 1054 2725 potes,
1080 2649 1188 2724 proice

213 2747 332 2793 omnem
349 2747 388 2790 ex
403 2739 466 2792 toto
482 2733 634 2792 dolorem:
649 2731 797 2806 siminus,
812 2733 963 2793 introrsus
977 2731 1057 2792 abde
1069 2740 1187 2793 011011-

212 2815 288 2888 tine,
310 2829 349 2872 ne
365 2815 525 2890 adpareat,
541 2822 571 2874 et
586 2816 626 2874 da
639 2830 779 2889 operam,
795 2821 829 2876 ut
842 2816 951 2878 iratres
966 2817 1009 2878 tui
1028 2823 1057 2875 te
1069 2815 1187 2875 imiten-

211 2907 272 2971 tur,
298 2897 350 2972 qui
372 2897 533 2958 honestum
553 2897 714 2973 putabunt,
743 2899 960 2975 quodcumque
982 2907 1011 2959 te
1025 2899 1189 2959 facientem

212 2981 343 3040 viderint
357 2982 551 3057 animumque
566 2996 606 3040 ex
621 2983 705 3043 voltu
721 2989 773 3042 tuo
786 2991 915 3044 sument.
932 2984 970 3044 Et
981 2983 1122 3044 solatium
1135 2983 1188 3042 de·

213 3066 268 3123 bes
285 3081 356 3124 esse
371 3064 489 3125 illorum
503 3071 533 3124 et
547 3067 736 3126 consolator:
752 3083 812 3126 nou
829 3067 944 3142 poteris
960 3073 1061 3126 autem
1076 3065 1187 3133 horum

215 3149 347 3207 moerori
362 3147 500 3222 obstare,
518 3150 544 3208 si
560 3156 612 3208 tuo
626 3149 800 3210 indulseris.

186 3233 202 3284 1
276 3231 327 3289 Vl.
348 3231 414 3307 [ab]
447 3231 581 3293 Potest
606 3233 725 3294 etilla
748 3249 812 3292 res
833 3249 852 3292 a
873 3235 980 3294 luctu
997 3241 1038 3294 te
1055 3233 1188 3308 probi-

213 3314 303 3373 bere
318 3312 450 3385 nimio,
468 3315 500 3375 si
513 3316 584 3376 tibi
598 3315 685 3390 ipse
700 3315 1000 3392 renuntiaveris,
1013 3315 1110 3376 nihil
1127 3316 1189 3376 ho-

213 3412 301 3470 rum,
319 3412 416 3476 quae
431 3397 543 3473 iacis,
560 3415 678 3474 posse
694 3400 870 3460 subduci.
893 3400 1033 3476 Magnam
1048 3400 1101 3461 tibi
1119 3417 1189 3475 per-

216 3496 323 3541 sonam
338 3478 493 3540 hominum
505 3495 676 3543 consensus
689 3485 838 3558 inposuit:
853 3484 929 3545 haec
941 3484 994 3544 tibi
1004 3484 1119 3545 tuenda
1130 3491 1188 3544 est.
