2522 3906
184 199 226 264 oc
306 157 308 166 ’
455 200 505 258 ·t.
528 199 674 258 anunm
698 197 872 258 sunnone

185 367 274 426 quam
288 366 400 426 graves
416 357 486 409 sunt
500 349 694 422 levioresque
709 348 779 412 durn
794 345 950 421 incipiunt.
976 345 1067 406 siccis
1083 355 1168 406 aeta·
1255 379 1256 418 3

185 435 264 494 tibus
279 435 444 492 vehemens
459 433 647 506 robustaque
662 431 706 492 ira
721 437 782 504 est,
804 431 860 492 sed
880 429 947 490 sine
966 431 1166 506 incremento,
1255 449 1256 470 r

184 527 245 576 non
261 519 386 577 multum
401 515 459 576 sibi
474 513 625 588 adiciens,
647 513 719 590 quia
732 514 907 577 inclinatum
922 515 1054 574 calorem
1068 513 1166 588 frigus

184 600 362 674 insequitur.
396 614 487 660 senes
509 597 649 658 difficiles
672 605 702 658 el
723 598 841 670 queruli
862 603 948 670 sunt,
974 605 1006 656 ut
1026 598 1111 670 aegri
1135 605 1166 658 ct
1255 597 1256 606 ’

185 685 437 742 convalescentes
454 689 485 764 et
498 698 627 760 quorum
639 687 701 744 ,aut
714 679 894 742 lassitudine
909 688 961 742 aut
975 679 1166 740 detractione

158 767 342 839 ssanguinis
359 765 525 826 exhaustus
542 771 589 827 est
601 765 695 826 calor.
735 764 769 829 tn
790 763 898 830 eadem
919 779 1013 828 causa
1027 769 1100 826 sunl
1114 765 1164 822 siti

185 851 326 922 fameque
340 848 437 908 rabidi
452 856 482 908 el
503 847 615 926 quibus
637 863 794 922 exsangue
815 863 928 921 corpus
949 853 997 906 est
1016 847 1164 920 maligne·
1255 911 1256 928 ¹

185 948 244 1006 que
259 930 347 992 alitur
368 938 397 989 et
418 929 529 995 deficit.
564 932 664 994 vinum
686 929 820 992 incendit
839 930 915 1000 iras,
943 930 1015 1005 quia
1030 928 1165 988 calorem

184 1022 274 1088 auget
298 1031 354 1090 pro
376 1015 525 1093 cuiusque
545 1021 661 1078 natura
698 1013 820 1089 quidam
847 1013 922 1072 ebrii
947 1011 1163 1086 effervescunt,

186 1098 309 1171 quidam
324 1097 428 1158 saucii.
462 1114 562 1174 neque
576 1099 637 1158 ulla
651 1097 709 1164 alia
724 1112 818 1158 causa
838 1104 899 1170 est,
921 1111 976 1158 cur
995 1095 1165 1158 iracundis-

185 1181 252 1240 simi
268 1180 328 1240 sint
343 1180 413 1240 llavi
427 1179 649 1262 rubentesque,
672 1181 782 1260 quibus
805 1179 871 1244 talis
887 1185 992 1238 natura
1007 1180 1093 1238 color
1107 1187 1165 1254 est,

186 1265 284 1338 qualis
301 1263 366 1325 lieri
381 1264 490 1326 ceteris
507 1263 673 1328 interirem
688 1267 774 1326 solet.
797 1263 917 1328 mobilis
930 1262 1010 1325 enim
1024 1262 1083 1324 illis
1100 1263 1164 1336 agi-

184 1354 325 1422 latusque
338 1347 465 1422 sanguis
482 1357 536 1408 est.

157 1442 172 1494 1
245 1431 308 1490 XX.
342 1429 404 1489 Sed
426 1431 682 1504 quemadmodum
703 1436 811 1491 natura
835 1431 987 1505 quosdam
1009 1429 1163 1503 proclives
1255 1487 1256 1494 ,

183 1513 214 1574 in
229 1515 304 1572 iram
320 1513 405 1584 lacit,
421 1514 463 1572 ita
478 1515 590 1572 multae
604 1513 741 1573 incidunt
755 1529 882 1586 causae,
899 1529 978 1588 quae
993 1512 1073 1571 idem
1089 1529 1163 1586 pos·
1255 1497 1256 1520 ¹

184 1599 244 1656 sint
259 1597 342 1670 quod
360 1605 480 1656 natura:
502 1595 578 1656 alios
600 1595 724 1656 morbus
748 1603 799 1656 aut
819 1597 927 1657 iniuria
948 1612 1111 1670 corporum
1133 1595 1164 1655 in

183 1679 513 1752 hooperduxit,alios
530 1679 682 1741 laborant
701 1679 844 1739 continua
864 1680 1021 1755 pervigilia
1041 1683 1170 1740 noctes.

91 1815 94 1820 .
185 1778 244 1838 que
260 1761 407 1820 sollicitae
422 1768 451 1820 et
466 1761 620 1821 desideria
634 1761 825 1837 amoresque.
860 1763 1004 1838 quicquid
1019 1763 1166 1823 alludant

185 1845 307 1919 corpori
321 1845 423 1904 nocuit
438 1852 490 1904 aut
503 1846 612 1917 animo,
629 1861 750 1920 aegram
763 1853 892 1908 mentem
906 1847 937 1904 in
952 1846 1093 1920 querelas
1110 1861 1163 1920 pa·
1255 1919 1256 1924 ἵ

156 1935 238 1990 arat.
273 1927 334 1987 Sed
350 1927 451 1988 omnia
465 1929 523 1991 ista
537 1929 620 1991 initia
630 1945 806 2006 causaeque
818 1937 903 1990 sunt:
921 1930 1081 2004 plurimum
1095 1937 1162 2004 pot-

185 2019 232 2072 est
248 2012 452 2086 consuetudo‚
475 2027 554 2086 quae
575 2013 601 2071 si
616 2013 718 2086 gravis
734 2020 796 2085 est,
818 2013 869 2072 alit
885 2012 996 2072 vitium.
1019 2013 1164 2074 Naturam
1255 2021 1256 2056 l

186 2095 307 2168 quidem
323 2101 438 2154 mutare
453 2093 576 2154 difficile
592 2102 647 2170 est,
663 2112 719 2155 nec
731 2097 801 2156 licet
816 2097 911 2158 semei
926 2097 1019 2154 mixta
1033 2111 1164 2156 nascen·
1255 2147 1256 2152 ,

183 2177 256 2236 tium
273 2178 421 2236 elementa
437 2187 624 2238 convertere.
663 2179 766 2240 sedin
787 2179 846 2244 hoc
867 2195 960 2242 nosse
977 2179 1106 2255 proluit,
1130 2187 1165 2240 ut

185 2259 353 2320 calentibus
369 2260 498 2334 ingeniis
513 2261 674 2323 subtrahas
689 2263 808 2336 vinum,
829 2263 913 2338 quod
928 2263 1031 2338 pueris
1047 2278 1163 2337 negan-
1255 2329 1256 2340 q

185 2343 256 2402 dum
270 2339 352 2402 Plato
369 2335 454 2418 putat
468 2351 497 2404 et
511 2343 611 2418 ignem
627 2353 708 2405 vetat
722 2347 791 2420 igne
804 2344 931 2406 incitari.
954 2362 993 2405 ne
1005 2345 1081 2406 cibis
1095 2346 1162 2422 qui-

185 2426 254 2484 dem
278 2427 414 2502 inplendi
439 2427 508 2488 sint.
541 2428 752 2489 distendentur
773 2429 851 2488 enirn
874 2445 1005 2504 corpora
1025 2429 1164 2490 elanimi

154 2517 251 2571 boum
280 2525 411 2584 corpore
435 2519 619 2572 tumesceul=
645 2511 732 2572 labor
756 2513 824 2572 illos
851 2513 925 2572 citra
949 2511 1162 2573 lassitudinem

184 2600 340 2665 exerceat,
361 2599 394 2654 ut
407 2594 572 2666 minuatur,
588 2611 649 2655 non
663 2601 697 2654 ut
711 2603 906 2656 consumatur
920 2596 1018 2668 calor,
1035 2595 1162 2658 nimius-

184 2692 244 2750 que
259 2677 309 2736 ille
323 2678 425 2736 lervor
439 2677 610 2752 despumet.
643 2679 730 2738 lusus
746 2695 871 2754 quoquc
886 2679 1062 2754 proderunt.
1096 2693 1162 2740 mo-

152 2765 173 2818 -4
183 2759 252 2818 dica
267 2760 346 2818 enirn
360 2761 502 2834 voluptas
518 2762 601 2820 laxat
615 2761 732 2820 animos
749 2770 779 2822 et
799 2769 956 2838 temperat:
1003 2762 1161 2822 Humidio-

182 2841 266 2900 ribus
288 2839 530 2918 siccioribusque
545 2851 575 2904 et
596 2844 710 2918 frigidis
727 2863 788 2906 non
804 2855 851 2906 est
865 2847 903 2908 ab
921 2847 966 2904 ira
983 2845 1163 2920 periculum,

184 2924 240 2982 sed
256 2923 373 2983 maiora
385 2925 456 2984 vitia
470 2928 633 2986 metuenda
648 2935 726 3001 sunt,
743 2945 839 3004 pavor
850 2937 880 2990 el
891 2929 1054 2990 difficultas
1066 2935 1096 2988 et
1107 2929 1162 2988 de-

183 3005 320 3090 speratio
333 3015 362 3066 ct
376 3009 580 3084 suspiciones.
613 3011 775 3076 mollienda
789 3013 891 3087 itaque
907 3011 1104 3088 fovendaque
1115 3018 1162 3071 la-

182 3087 222 3146 lia
242 3089 363 3163 ingenia
378 3097 409 3151 el
427 3091 458 3150 in
479 3093 621 3154 laetitiam
647 3095 805 3156 evocanda
827 3102 907 3155 sunt.
941 3103 970 3155 el
996 3097 1068 3172 quia
1091 3093 1163 3154 aliis

181 3173 391 3246 contrairem,
408 3177 475 3236 aliis
491 3184 598 3236 contra
614 3178 764 3246 tristitiam
782 3179 926 3239 remediis
948 3179 1091 3240 utendum
1112 3185 1164 3238 est

181 3269 237 3316 nec
253 3256 461 3320 dissimillimis
475 3268 589 3322 tanturn
606 3262 672 3334 ista,
689 3265 745 3324 sed
760 3263 919 3324 contrariis
931 3261 1066 3322 curanda
1078 3269 1162 3336 suut,

181 3355 305 3417 semper
320 3340 348 3400 ei
362 3359 558 3404 occurremus
575 3347 656 3418 quod
672 3345 841 3406 increverit.

154 3427 169 3482 1
241 3423 318 3488 XXI·
348 3423 527 3500 Plurimum,
548 3427 688 3504 inquam,
710 3429 846 3503 proderit
863 3445 977 3504 pucros
994 3425 1095 3488 statim
1109 3443 1161 3488 sa·
