2522 3906
203 296 245 362 54
495 292 528 352 L.
550 289 697 352 nunaut
719 287 894 350 SENECAE

206 462 344 524 surgere.
369 459 438 506 narn
459 449 491 504 et
505 443 535 504 in
552 457 684 519 corpore
698 449 804 503 nostro
820 456 895 503 ossa
908 438 1058 520 nervique
1072 449 1104 505 et
1117 444 1191 506 arti·

205 533 280 605 culi,
300 531 489 592 firmamenta
507 528 600 588 totius
615 532 650 588 'ct
669 524 787 602 vitalia,
808 526 931 586 minime
950 525 1096 602 speciosa
1109 528 1191 602 visu,
1249 599 1250 606 χ

154 633 157 639 ·
204 616 289 694 prius
301 613 488 676 ordinantur.
510 610 722 685 deindehaec,
737 610 903 686 exquibus
919 610 1018 671 omnls
1033 611 1063 671 in
1079 612 1189 672 laciern

204 701 447 775 adspectumque
469 697 562 757 decor
584 702 641 756 est.
671 695 841 770 posthaec
862 695 964 756 omnia
985 695 1036 770 qui
1056 693 1190 756 maxime

205 783 314 845 oculos
328 783 417 856 rapit
433 781 526 854 color,
541 779 664 841 [ultima
676 779 818 855 perlecto
827 778 886 838 iarn
902 793 1034 856 corpore
1048 779 1189 841 adfundi-

176 871 263 932 atur..
289 867 369 926 lrarn
391 865 463 940 quin
485 864 608 940 speeies
629 863 732 924 oblcta
751 860 1035 938 interiectionem,
1056 879 1118 925 non
1140 872 1213 926 est-

204 949 345 1023 dubium=
372 949 429 1010 sed
453 955 554 1010 utrum
580 947 716 1023 speciem
740 947 838 1022 ipsam
863 946 965 1010 statim
991 955 1139 1024 sequatur
1159 956 1190 1010 ot

204 1050 266 1095 non
290 1032 456 1096 accedente
477 1031 578 1094 auimo
598 1040 754 1107 excurrat,
777 1029 888 1093 anillo
911 1031 1102 1094 adsentiente
1122 1049 1189 1095 mo·
1251 1077 1252 1100 r

172 1124 311 1180 tvealuc
324 1115 511 1194 quaerimus.
532 1114 627 1177 Nobis
642 1115 744 1190 placm
757 1114 830 1175 nihil
845 1113 925 1177 illam
940 1129 997 1192 per
1011 1131 1046 1177 se
1061 1117 1187 1191 audere,

204 1203 377 1264 sedecimo
394 1199 594 1276 adprobante.
622 1215 691 1260 narn
706 1201 842 1275 speciem
858 1215 969 1276 capere
983 1207 1130 1276 acceptae
1143 1201 1189 1261 in·

203 1286 300 1346 iuriae
315 1286 504 1348 attritionem
519 1285 586 1345 eius
602 1284 825 1360 concupiscere
839 1291 869 1344 et
882 1291 1046 1359 utrumque
1060 1284 1188 1346 coniun-

204 1385 294 1446 gere,
316 1385 373 1431 nec
393 1369 474 1430 laedi
489 1384 525 1430 se
539 1369 686 1429 debuisse
700 1377 731 1428 et
744 1367 892 1428 vindicari
906 1367 1034 1442 debere,
1056 1382 1117 1430 non
1140 1376 1189 1430 est

175 1454 269 1518 teins
290 1453 429 1530 inpetus,
456 1451 509 1528 qui
528 1453 596 1513 sine
615 1454 771 1514 voluntate
791 1458 896 1514 nostra
918 1451 1096 1513 concitatur.
1134 1453 1189 1514 llle

204 1538 334 1612 simplex
356 1545 417 1598 esta
438 1537 489 1596 laic
504 1536 683 1612 conpositus
699 1543 729 1596 et
744 1535 829 1610 plura
846 1536 1013 1596 continens.
1035 1535 1189 1597 Intellexit

101 1663 103 1670 >
203 1621 333 1696 aliquid,
356 1620 614 1694 indigemusad,
635 1621 804 1694 damnavit,
825 1619 997 1680 ulciscitur:
1024 1620 1101 1681 haec
1121 1635 1186 1681 non

203 1711 336 1779 possunt
356 1703 438 1778 lieri,
459 1703 517 1764 nisi
539 1703 658 1765 animus
679 1705 724 1764 eis
746 1703 861 1780 quibus
873 1705 1052 1780 tangebatur
1073 1705 1186 1765 adsen-

203 1803 259 1848 sus
273 1795 329 1848 est.

176 1877 188 1928 1
262 1871 299 1930 11.
327 1869 507 1947 „Quorsus
533 1871 655 1948 inquis,
679 1873 757 1934 haec
781 1873 923 1949 quaestio
939 1872 1119 1953 ‘pertincte‘
1147 1873 1188 1934 Ut

203 1955 337 2018 sciamus
356 1955 430 2030 quid
445 1955 484 2017 sit
498 1956 551 2016 ira.
581 1972 649 2016 nam
666 1957 691 2016 si
707 1957 808 2018 invitis
823 1955 912 2016 nobis
929 1957 1078 2031 nascitur,
1098 1973 1186 2018 num·
1254 1946 1255 2038 l

205 2053 297 2114 quam
311 2038 421 2100 rationi
436 2039 622 2100 succumbet.
649 2056 756 2101 omnes
777 2041 855 2102 enim
871 2037 972 2102 motus
988 2041 1039 2117 qui
1055 2055 1115 2100 non
1130 2057 1185 2102 vo·

202 2124 316 2183 luntate
331 2123 541 2195 nostratium,
557 2124 659 2184 invicti
675 2133 704 2184 et
718 2123 909 2185 inevitabiles
924 2131 1008 2199 sunt,
1029 2133 1063 2185 ut
1075 2125 1186 2186 horror

180 2214 182 2218 ⁴
203 2206 311 2280 frigida
326 2207 494 2282 adspersis,
511 2208 550 2270 ad
563 2208 712 2284 quosdam
728 2215 826 2270 tactus
841 2209 1025 2284 aspernatio.
1047 2207 1085 2267 nd
1099 2209 1185 2282 peio-

202 2305 252 2349 res
274 2291 397 2351 nuntios
417 2291 614 2366 subrigantur
634 2291 686 2366 pili
708 2300 739 2353 et
763 2292 860 2353 rubor
878 2292 917 2351 ad
938 2290 1068 2366 inproba
1088 2293 1185 2352 verba

202 2372 397 2435 sublanditur
406 2375 607 2452 sequ‘tunque
617 2375 734 2450 vertigo
747 2382 912 2453 praerepta
923 2375 1083 2436 cernentis.
1107 2392 1185 2452 quo-

201 2472 266 2516 rum
290 2459 363 2533 quia
383 2457 455 2519 nihil
475 2460 504 2518 in
527 2465 633 2519 nostra
653 2465 805 2534 potestate
825 2467 888 2533 est,
909 2457 991 2520 nulla
1007 2461 1184 2534 quominus

173 2539 274 2600 astant
288 2541 364 2603 ratic
379 2545 554 2618 persuadet.
575 2543 622 2602 lra
638 2543 810 2618 praeceptis
826 2543 956 2622 lugetur.
979 2550 1026 2604 est
1037 2543 1116 2604 enirn
1127 2559 1184 2604 vo-

200 2625 360 2686 luntarium
376 2625 468 2686 animi
484 2626 596 2700 vitium,
611 2642 672 2687 non
688 2642 726 2686 ex
741 2625 800 2702 his,
816 2643 897 2703 quae
915 2626 1096 2688 condicione
1107 2643 1185 2702 qua·

201 2707 271 2768 dam
282 2709 434 2770 humanae
445 2711 536 2771 sortis
548 2709 692 2772 eveniunt
702 2710 835 2786 ideoque
847 2711 937 2771 etiam
946 2711 1183 2786 sapientissimis

202 2792 353 2854 accidunt.
382 2793 460 2853 inter
477 2809 555 2868 quae
570 2801 600 2854 et
616 2794 732 2868 primus
752 2794 803 2855 ille
816 2793 895 2856 ictus
911 2795 1001 2854 animi
1017 2795 1184 2871 ponendus

170 2881 260 2949 dest,
284 2877 416 2951 quinos
439 2884 509 2950 post
529 2873 703 2952 opinionem
724 2876 853 2937 iniuriae
876 2885 988 2939 movet.
1023 2880 1079 2940 Hic
1101 2880 1187 2940 subit

200 2957 291 3018 etiam
311 2959 390 3018 inter
410 2959 526 3020 ludicra
547 2977 660 3020 scenae
681 2963 859 3036 spectacula
874 2967 904 3022 et
918 2963 1065 3024 lectiones
1079 2979 1185 3024 rerum

199 3047 404 3104 vemataruma
428 3059 523 3118 saepe
537 3043 643 3107 clodio
658 3043 835 3107 Ciceronem
855 3046 1017 3122 expellenti
1037 3054 1067 3107 et
1085 3049 1184 3109 Anto-

199 3123 250 3186 nio
266 3125 420 3187 occidenti
434 3125 571 3188 videmur
585 3129 685 3197 irasci.
707 3129 781 3205 quis
791 3145 853 3190 non
868 3137 974 3191 contra
988 3129 1075 3192 ltlcrii
1087 3145 1184 3204 amaa,

199 3214 307 3270 conlm
321 3208 426 3270 Sellae
440 3212 694 3286 proscriptionem
711 3215 900 3276 concitatur?
918 3213 987 3290 quis
1006 3229 1068 3276 non
1081 3214 1184 3276 Theo-

199 3289 274 3354 doto
294 3301 326 3354 et
344 3294 482 3354 Achillae
502 3302 533 3356 et
551 3296 611 3371 ipsi
632 3312 727 3371 puero
748 3315 809 3360 non
830 3299 947 3374 puerile
968 3313 1044 3360 auso
1061 3299 1185 3360 lacinus

168 3373 324 3440 timeus
339 3385 407 3442 eall
428 3377 540 3441 Cantas
553 3395 612 3440 nos
622 3395 849 3456 nonnumquam
863 3389 893 3443 et
906 3383 997 3443 citata
1011 3381 1182 3444 modulatio

198 3458 323 3536 instigat
340 3461 530 3538 Martiusque
550 3462 604 3525 ille
621 3465 759 3524 tubarum
780 3481 877 3526 sonus
897 3472 1001 3525 moret
1014 3471 1134 3526 montes
1150 3471 1185 3527 et

197 3549 286 3606 atrox
297 3545 417 3622 pictura
432 3555 461 3608 et
475 3546 711 3609 iustissimorum
724 3546 944 3624 suppliciorum
958 3549 1052 3611 tristis
1068 3548 1186 3626 adspe-
