2554 3888
173 219 227 279 Ab
240 217 438 280 POLYBIUM
452 219 503 281 DE
519 219 819 284 consonatione.
834 235 860 288 5.
872 233 899 288 6.
912 226 981 306 [nc]
1012 225 1076 291 223

101 374 282 433 Circumstat
303 379 332 432 te
353 371 451 433 omnis
472 373 531 433 ists
551 377 775 437 consolantium
800 376 970 452 frequentia
992 387 1022 440 et
1043 379 1074 440 in

100 457 234 517 animum
255 463 339 517 tuurn
355 457 479 532 inquirit
492 472 529 516 ac
544 457 707 532 perspicit,
730 467 875 534 quantum
888 461 1008 533 roboris
1024 463 1075 523 ille

100 542 254 600 adversus
270 540 407 600 dolorem
422 541 532 600 habeat
547 548 577 600 et
591 550 730 602 utrumne
744 549 776 603 tu
790 549 904 604 tanturn
919 545 1011 604 rebus
1025 563 1074 606 se-

100 624 211 684 cundis
232 625 275 684 uti
299 624 424 684 dextere
445 623 541 697 scias,
563 641 602 684 an
622 633 653 686 et
666 627 814 688 adversas
830 628 935 703 possis
951 629 1074 690 viriliter

101 709 196 766 lerrer
224 707 425 768 observantur
449 709 529 768 oculi
554 709 607 768 tui.
637 708 793 771 Liberiora
814 713 915 772 omnia
935 720 1007 772 sunt
1025 712 1101 786 iis‚n

11 861 12 864 Ἴ
102 807 232 865 quorum
248 791 386 851 adiectus
403 791 463 866 tegi
476 799 620 867 possunt:
636 793 689 852 tibi
705 795 818 854 nullum
834 803 983 856 secretum
999 797 1071 856 libe-

99 890 167 934 rum
188 881 244 934 est.
277 875 307 934 in
331 877 423 934 multa
438 876 505 935 luee
520 877 640 937 fortuna
653 875 809 953 reposuit.
843 894 948 938 omnes
965 879 1072 953 soient,

101 959 302 1032 quomodote
318 957 347 1017 in
361 959 419 1019 isto
434 966 486 1019 tuo
502 961 638 1034 gesseris
656 963 795 1034 volnere,
818 969 957 1022 utrumne
973 962 1072 1022 statim

99 1057 268 1116 percussus
286 1059 368 1101 arma
385 1042 563 1103 submiseris
578 1060 616 1103 an
633 1043 663 1104 in
679 1047 777 1119 gradu
792 1047 921 1106 steteris.
952 1043 1027 1106 Olim
1043 1053 1073 1106 te

100 1125 129 1183 in
146 1125 281 1186 altiorem
297 1127 432 1186 ordinem
449 1133 479 1186 et
494 1143 579 1188 umor
590 1128 730 1189 Caesaris
745 1129 852 1190 extulit
865 1137 895 1189 et
910 1136 961 1190 tua
973 1130 1073 1190 studia

100 1209 303 1269 deduxerunt.
333 1209 405 1269 nihil
420 1217 449 1271 te
465 1211 616 1286 plebeium
632 1213 734 1286 decet,
751 1212 824 1272 nihil
839 1212 961 1274 humile.
999 1213 1072 1288 quid

99 1300 200 1352 autern
221 1301 281 1353 tum
301 1293 411 1354 humile
434 1311 469 1354 ac
490 1295 636 1356 muliebre
652 1303 699 1355 est
720 1313 810 1372 quarn
831 1297 1072 1358 consumendum

100 1391 135 1436 se
157 1377 254 1438 dolori
277 1379 482 1438 committeret
512 1379 578 1440 Non
596 1379 675 1439 idem
690 1379 743 1438 tibi
762 1379 793 1439 in
810 1383 892 1440 luctu
906 1381 972 1456 pari
988 1381 1101 1454 quod3

100 1461 160 1520 tuis
177 1461 319 1522 iratribus
335 1463 414 1522 lieet.
437 1463 530 1523 multa
545 1461 597 1522 tibi
615 1479 674 1524 non
689 1465 831 1538 permittit
842 1465 945 1540 opinio
958 1465 997 1524 de
1009 1472 1071 1525 stu-

100 1543 159 1604 diis
180 1561 216 1604 ac
237 1544 373 1606 moribus
390 1546 449 1606 tuis
470 1557 602 1621 recepta.
635 1548 759 1607 multum
776 1555 838 1608 ate
852 1547 992 1609 homines
1008 1549 1072 1608 exi·

100 1636 189 1702 gunt,
210 1631 335 1689 multum
356 1637 545 1705 exspectant.
579 1629 610 1690 Si
633 1631 758 1692 volebas
779 1633 832 1692 tibi
853 1633 956 1692 omnia
970 1633 1072 1706 licere,

100 1728 140 1771 ne
156 1713 362 1774 convertisses
377 1714 407 1772 in
423 1720 453 1773 te
470 1715 525 1774 ora
539 1715 684 1774 omniumr
706 1731 788 1775 nune
802 1723 902 1776 autern
915 1717 968 1776 tibi
985 1731 1071 1790 prae-

101 1797 243 1856 standum
259 1805 314 1870 est,
331 1804 473 1871 quantum
490 1797 656 1873 promisisti
671 1801 811 1859 omnibus
826 1799 893 1872 illis,
911 1801 963 1874 qui
978 1815 1072 1874 opera

100 1881 213 1955 ingenii
227 1882 268 1942 tui
284 1882 421 1955 laudant,
437 1881 495 1961 *qui
511 1882 700 1955 describunt,
721 1883 845 1958 quibus
869 1899 936 1942 cum
952 1883 1073 1942 fortuna

100 1972 153 2024 tua
174 1980 253 2040 opus
277 1982 338 2026 non
358 1965 412 2038 sit,
438 1965 559 2040 ingenio
582 1981 661 2040 opus
676 1973 731 2026 cst.
765 1967 910 2026 custodes
924 1965 1015 2025 animi
1029 1965 1072 2024 tui

101 2055 181 2110 sunt.
212 2048 285 2108 nihil
302 2066 446 2124 umquam
460 2049 563 2124 itaque
580 2057 668 2124 potes
683 2049 839 2125 indignum
855 2050 956 2110 iacere
971 2049 1072 2126 perie-

102 2134 141 2194 oti
155 2140 184 2192 et
199 2133 308 2192 eruditi
323 2133 378 2192 viri
394 2135 597 2208 professione,
612 2141 720 2194 utnon
735 2135 846 2194 multos
861 2133 1070 2194 admirationis

101 2217 140 2276 de
160 2223 190 2275 te
211 2233 286 2276 suae
301 2217 464 2291 poeniteat.
495 2219 561 2277 Non
576 2218 647 2278 licet
660 2218 713 2278 tibi
729 2217 804 2278 ilere
818 2217 987 2278 inmodice=
1016 2217 1100 2276 nect

101 2299 160 2360 hoc
174 2302 382 2362 tantummodo
399 2319 459 2362 non
476 2303 603 2376 licetne
618 2319 758 2362 somnum
771 2302 894 2377 quidem
906 2301 1072 2362 extendere

102 2383 132 2442 in
154 2393 271 2458 purtem
291 2384 351 2456 diei
372 2385 443 2446 lieet
464 2394 515 2446 aut
534 2402 553 2445 a
573 2387 699 2446 tumultu
721 2401 820 2444 rerum
837 2385 866 2444 in
884 2385 978 2445 otium
991 2384 1070 2444 ruris

103 2467 195 2542 quieti
217 2469 382 2545 coningere
396 2478 448 2530 aut
462 2469 592 2530 adsidua
606 2467 754 2530 laboriosi
770 2469 862 2528 oiiicii
879 2469 1009 2528 statione
1027 2469 1070 2526 ia-

103 2553 227 2627 ligatum
252 2569 364 2628 corpus
388 2554 559 2628 voluptaria
588 2551 831 2628 peregrinatione
855 2567 995 2612 recreare
1021 2559 1072 2609 aut

102 2637 349 2710 spectaculorum
361 2637 507 2696 varietate
524 2639 654 2696 animum
670 2637 805 2696 detinere
819 2643 871 2696 aut
883 2643 935 2695 tuo
947 2634 1070 2694 arbitrio

11 2721 13 2798 ᾗ
102 2720 183 2778 diem
204 2720 379 2796 disponere.
413 2726 480 2793 [id]
502 2720 597 2780 Multa
610 2720 663 2780 tibi
676 2736 737 2781 non
750 2719 855 2793 licent,
872 2734 951 2792 quae
965 2716 1071 2778 hurnil-

11 2799 13 2824 *
102 2803 181 2863 limis
203 2809 233 2862 et
252 2805 283 2863 iu
305 2806 416 2880 angulo
438 2804 607 2864 iacentibus
621 2804 723 2864 licent.
754 2802 865 2878 Magna
879 2802 1011 2862 servitus
1026 2799 1100 2861 est5

11 2909 12 2916 ¹
103 2902 215 2961 magna
226 2888 355 2949 fortuna.
372 2905 432 2948 non
444 2889 514 2948 licet
523 2887 577 2948 tibi
589 2885 884 2964 quicquamarbitrio
894 2895 944 2946 tuo
955 2887 1072 2946 faeere:
1120 2961 1121 2964 Ἴ

14 2996 19 3007 ·
101 2970 256 3031 audienda
278 2979 350 3032 sunt
362 2979 407 3033 tot
422 2972 578 3032 hominum
592 2973 687 3046 milia,
708 2978 752 3032 tot
766 2970 950 3045 disponendi
971 2967 1072 3027 libelli.

101 3062 204 3114 tantus
225 3071 328 3116 rerum
347 3073 387 3118 ex
408 3057 483 3117 orbe
503 3062 566 3116 toto
583 3056 755 3117 coeuntium
770 3061 936 3128 congestus
951 3059 984 3112 ut
998 3067 1072 3127 pos·

102 3139 141 3199 sit
156 3155 213 3213 per
228 3140 365 3200 ordinem
382 3157 470 3200 suum
486 3140 633 3215 principis
648 3136 772 3198 maximi
784 3138 883 3198 animo
894 3136 1003 3208 subici,
1016 3135 1073 3196 eri·

101 3223 221 3298 gendos
234 3230 301 3284 tuus
315 3231 371 3285 est.
398 3225 464 3284 Non
480 3224 551 3285 licet
563 3223 632 3294 tibi,
646 3223 779 3298 inquam,
795 3219 885 3294 llere,
906 3228 938 3280 ut
961 3222 1073 3281 multos
1087 3231 1092 3236 ·

102 3305 214 3366 flentes
237 3308 344 3368 audire
359 3306 473 3384 possis.
508 3315 541 3368 ut
556 3304 786 3382 periclitantium
802 3303 886 3364 etad
901 3305 1072 3365 misericor-

101 3390 183 3450 diam
210 3391 360 3452 mitissimi
379 3391 520 3454 Caesaris
542 3390 703 3466 pervenire
725 3385 911 3464 cupientium
930 3388 1074 3448 lacrimae

102 3477 225 3546 [siccari
236 3476 378 3554 passion,
400 3475 454 3538 tibi
468 3483 538 3538 tuae
552 3479 641 3550 [ante]
657 3474 820 3536 siccandae
834 3480 914 3534 sunt.
