2546 3890
224 211 288 276 286
494 214 528 272 L.
550 211 697 272 ANNAEI
720 211 894 271 SENECAE

228 367 307 440 quit,
329 366 438 438 dinuo,
460 368 566 425 iterum
589 366 640 436 do,
654 367 747 444 ¹prius
762 365 839 424 bosri
844 409 851 437 ,
872 379 952 424 nono
971 366 1149 436 insidiatori
1171 383 1214 426 ao

225 450 410 526 parricidae.
447 449 498 507 En·
513 449 655 508 hodierno
672 449 721 506 dic
736 450 814 507 inter
833 463 886 506 nos
910 451 1042 509 amicitia
1066 451 1212 524 incipiat.

227 535 450 603 contendamus,
476 539 575 592 ulrum
594 545 648 604 eoo
667 533 787 590 meliore
801 531 863 602 fide
881 533 970 590 uitam
990 533 1043 591 tibi
1064 533 1211 592 dederim

187 633 268 685 laon
281 624 314 676 tu
327 617 444 676 debeas.
471 614 618 674 Posthac
634 611 740 672 detulit
756 614 834 672 ultro
851 616 1042 674 consulatum
1058 621 1209 688 questuS,

229 699 312 774 quod
328 715 389 758 non
405 699 531 758 auderet
545 705 659 771 petere.
687 695 904 756 amicissimum
923 697 1208 773 fidelissimumque

227 783 339 842 habuit.
371 782 462 840 heres
484 783 570 840 solus
591 781 646 839 luit
665 779 716 838 illi.
745 779 834 838 nullis
857 781 986 854 amplius
1016 779 1139 840 insidiis
1163 782 1209 840 ab

227 867 288 926 ullo
306 865 416 938 petitus
431 871 487 923 est.

199 967 214 1017 1
289 949 325 1008 X.
347 947 466 1023 Ignovit
487 947 604 1006 abavus
624 953 695 1006 tuus
717 946 815 1006 vietis.
843 963 913 1006 nam
933 947 960 1006 si
980 963 1041 1008 non
1061 948 1205 1020 ignovis-

227 1040 288 1102 set,
312 1033 424 1106 quibus
438 1031 643 1105 imperasset?
664 1029 839 1090 Sallustium
853 1038 884 1091 et
899 1029 1046 1106 Cocceios
1067 1037 1096 1090 et
1116 1030 1203 1090 Deil-

227 1117 285 1174 lios
304 1122 441 1176 ettotam
462 1113 618 1174 cohortem
638 1113 754 1189 primae
775 1113 969 1174 admissionis
990 1131 1030 1174 ex
1049 1115 1203 1174 adversa·

226 1200 341 1258 riorum
368 1197 477 1258 castris
506 1196 698 1272 conscripsit.
742 1197 800 1255 iam
828 1197 991 1269 Domitios,
1023 1197 1203 1270 MessallaS,

227 1281 366 1354 Asinios,
383 1281 545 1340 Cicerones
560 1287 591 1340 et
606 1280 753 1354 quioquid
768 1279 853 1340 iloris
867 1283 897 1340 in
914 1282 1035 1341 civitate
1046 1287 1118 1353 erat,
1136 1281 1198 1339 cle-

228 1367 358 1426 mentiae
378 1381 454 1425 suae
474 1363 614 1424 debebat.
650 1365 750 1438 ipsum
774 1363 923 1438 Lepidum
948 1365 1093 1439 quamdiu
1117 1363 1201 1422 mori

227 1465 341 1524 passus
357 1456 425 1508 esti
453 1463 507 1522 per
526 1449 638 1508 multos
652 1462 750 1506 annos
765 1448 832 1508 tulit
853 1455 1029 1508 ornamenta
1047 1447 1200 1522 principis

225 1534 404 1592 retinentem
429 1538 459 1589 et
484 1530 692 1604 pontificatum
716 1530 880 1591 maximum
905 1548 965 1592 non
992 1530 1050 1590 nisi
1074 1537 1198 1592 mortuo

226 1617 278 1675 illo
291 1613 447 1674 transferri
466 1611 497 1673 in
513 1628 549 1673 se
571 1629 686 1688 passus
705 1621 761 1674 est.
789 1615 893 1674 maluit
907 1615 986 1674 enim
999 1615 1082 1674 illum
1096 1613 1196 1674 hono·

198 1711 289 1763 trem
304 1697 408 1757 voeari
424 1713 514 1772 quam
532 1697 674 1771 spolium.
709 1697 792 1757 Hace
813 1713 882 1757 eum
904 1699 1062 1758 clementia
1082 1697 1123 1757 ad
1145 1713 1196 1758 sa-

225 1783 318 1842 lutem
333 1782 588 1855 securitatemque
608 1780 759 1854 perduxit.
787 1780 865 1840 haec
885 1789 1001 1856 gratum
1021 1797 1057 1840 ao
1075 1781 1195 1841 lavora-

225 1865 316 1925 bilem
331 1864 478 1937 reddidit,
494 1866 632 1940 quamvis
647 1864 782 1924 nondum
798 1864 933 1924 subactis
945 1865 1050 1940 populi
1064 1864 1194 1926 Romani
1252 1879 1253 1960 t

226 1949 398 2009 cervicibus
415 1965 538 2008 manum
558 1947 757 2022 inposuisset.
793 1949 870 2008 haee
889 1948 1042 2024 hodieque
1059 1954 1195 2023 praestat
1252 1967 1253 2006 t

195 2031 267 2098 silli
282 2033 408 2105 lamam,
425 2047 505 2108 quae
519 2032 571 2090 vix
584 2029 663 2090 vivis
680 2030 869 2105 principibus
885 2032 988 2091 servit.
1009 2031 1109 2092 Deum
1123 2047 1195 2091 esse
1252 2045 1253 2106 ζ

225 2132 286 2175 non
311 2124 465 2189 tamquam
488 2114 565 2174 iussi
589 2114 750 2175 eredimus.
781 2116 904 2188 [bonum
929 2131 1001 2176 esse
1025 2115 1194 2190 prinoipem
1252 2113 1253 2188 ᾗ

225 2202 420 2272 Augustum]
441 2199 521 2258 bene
536 2195 578 2256 illi
593 2197 775 2258 convenisse
791 2199 924 2273 parentis
939 2215 1049 2260 nomen
1066 2200 1194 2258 latemur
1252 2219 1253 2254 l

226 2281 265 2343 ob
282 2281 394 2340 nullam
409 2280 497 2340 aliam
514 2289 652 2354 causam,
679 2297 770 2356 quam
792 2282 877 2356 quod
897 2283 1096 2343 contumelias
1118 2297 1192 2356 quo·
1252 2297 1253 2338 l

226 2379 287 2439 que
302 2379 390 2436 suas,
407 2379 486 2438 quae
501 2363 676 2423 acerbiores
692 2365 880 2440 principibus
896 2367 996 2426 solent
1011 2381 1083 2425 esse
1102 2381 1192 2440 quam
1252 2369 1253 2430 Q

224 2447 367 2520 iniuriae,
382 2448 466 2507 nulla
483 2447 660 2506 crudelitate
675 2448 910 2522 exsequebatur.
934 2451 1017 2524 quod
1032 2447 1192 2524 probrosis
1252 2493 1253 2500 .

224 2531 254 2590 in
271 2547 305 2590 se
321 2531 410 2592 dictis
430 2529 551 2604 adrisit,
575 2529 659 2604 quod
676 2531 749 2590 dare
771 2529 855 2594 illum
878 2544 994 2606 poenos
1015 2531 1193 2606 adparebat,
1252 2531 1253 2554 ³

224 2630 293 2675 oum
319 2615 469 2688 exigeret,
498 2613 582 2689 quod
604 2629 815 2690 quoscumque
841 2615 880 2675 ob
908 2616 1088 2676 adulterium
1112 2615 1192 2674 filiae
1252 2643 1253 2690 p

224 2713 301 2758 suae
316 2698 527 2768 damnaverat,
551 2697 629 2756 adeo
645 2713 706 2756 non
719 2696 847 2772 ‚occidit
870 2707 902 2759 ut
917 2699 1051 2759 dimissis
1067 2713 1128 2774 quo
1147 2705 1190 2758 tu·
1252 2705 1253 2738 t

194 2781 317 2842 otiores
332 2786 438 2840 essent
458 2780 622 2854 diplomata
645 2781 746 2840 darem
775 2781 834 2840 hoc
856 2789 904 2842 est
923 2782 1100 2857 ignoscere,
1123 2797 1190 2842 oum
1252 2815 1253 2858 2

224 2863 305 2924 seius
316 2863 428 2924 multos
443 2864 579 2936 futuros,
601 2863 653 2938 qui
668 2879 725 2937 pro
740 2870 770 2924 te
786 2862 956 2926 irascantur
977 2873 1008 2926 et
1021 2865 1074 2926 tibi
1093 2865 1189 2924 alieno

224 2947 373 3022 sanguine
397 2947 619 3020 gratificentur,
643 2962 703 3006 non
729 2947 803 3006 dare
830 2955 945 3010 tantum
970 2949 1114 3021 salutern,
1136 2947 1190 3008 sed
1252 2945 1253 3020 ζ

223 3037 391 3104 praestare.
427 3030 511 3090 Haec
525 3030 685 3104 Augustus
701 3046 798 3091 senex
813 3039 866 3092 aut
879 3033 938 3092 iam
951 3033 983 3092 in
1004 3038 1189 3105 senectutem
1252 3063 1253 3120 ξ

222 3114 310 3174 annis
323 3112 527 3188 vergentibus.
548 3113 578 3172 in
590 3113 799 3174 adulescentia
813 3113 916 3190 caluit,
937 3115 1013 3177 arsit
1026 3113 1081 3192 ira,
1100 3114 1189 3174 multa
1252 3121 1253 3126 ’

221 3196 306 3268 feeit,
329 3197 369 3256 ad
384 3212 463 3270 quaa
477 3194 591 3258 invitus
608 3197 716 3258 oeulos
730 3199 936 3273 retorquebat.
977 3253 979 3256 .
1034 3229 1035 3232 ¹

193 3287 209 3339 1
282 3278 333 3340 XI.
356 3278 531 3354 conparare
550 3295 639 3340 nemo
659 3281 883 3344 mansuetudini
910 3289 982 3360 tuae
1001 3281 1125 3344 audebit
1145 3279 1187 3338 di-

222 3378 294 3422 vum
301 3361 485 3434 Augustum,
512 3363 630 3422 etiamsi
645 3363 675 3422 in
690 3369 842 3424 cenoman
852 3365 1029 3430 iuvenilium
1043 3378 1188 3426 annorum

223 3443 385 3504 deduxerit
400 3451 588 3504 senectutem
602 3445 672 3521 plus
689 3463 781 3522 quam
795 3453 957 3509 maturam:
984 3449 1074 3510 luerit
1087 3447 1187 3508 mode·
