2554 3888
177 230 913 298 aurocrorumnnoonsotarroruu.u-s.
928 241 995 310 [m]
1024 235 1088 297 ms

108 387 254 449 omuibus
280 393 310 444 el
334 385 373 445 de
395 385 452 444 illis
474 385 623 458 meruisti,
651 403 729 459 quos
752 388 889 474 pluribus
907 395 998 449 notos
1014 404 1087 449 esse

109 471 235 532 voluisti
257 485 349 544 quam
363 470 565 544 scripserant,
590 471 713 528 multum
729 477 829 530 tecum
843 479 1007 533 morentur.
1040 479 1086 532 tu-

5 607 6 614 ,
110 565 173 616 tum
190 555 221 614 id
237 555 299 614 exit
310 569 399 612 omne
410 559 539 627 tempus,
554 553 637 628 aliod
652 553 710 613 illis
726 554 870 614 tuendum
886 556 1086 616 commiseris.

110 649 184 700 tuuc
200 637 340 698 Caesaris
358 635 401 696 tui
423 649 534 711 opera,
555 645 588 696 ut
605 651 659 711 per
679 639 780 697 omnia
793 641 900 699 secula
914 639 1085 700 domestico

111 728 272 782 narrentur
286 721 468 794 praeconio,
485 727 628 794 quantum
646 728 744 796 potes,
759 737 911 796 conpone.
932 737 1001 782 nam
1017 724 1085 798 ipse

6 819 7 828 ¹
110 807 166 866 tibi
182 803 295 880 optime
311 805 461 864 formandi
476 803 691 878 condendique
706 821 756 864 res
771 813 875 878 gestas
888 815 917 866 el
928 806 1085 866 materiam

113 890 198 950 dabit
212 895 242 947 et
254 889 438 962 ⁴exemplum.
467 893 535 960 [aa]
556 889 622 946 Nou
637 889 737 949 acideo
753 895 783 948 le
799 905 900 964 usque
917 906 955 950 eo
974 891 1116 965 produ-a

113 989 193 1047 cere,
210 981 242 1033 ut
256 972 383 1032 labellos
400 987 524 1046 quoque
538 979 568 1031 el
582 971 746 1046 Aesopeos
763 975 860 1047 logos,
877 975 1086 1048 intemptatum

111 1057 260 1118 Romanis
280 1054 411 1130 ingeniis
435 1069 530 1130 opus,
553 1057 642 1116 solita
663 1057 716 1116 tibi
735 1063 894 1117 venustate
910 1065 1086 1118 connectas.

112 1141 238 1201 difficile
258 1145 306 1200 est
327 1139 465 1214 quidem,
487 1145 521 1198 ut
541 1139 579 1198 ad
595 1139 671 1200 haec
686 1139 828 1200 hilariora
844 1141 943 1201 studia
959 1149 1018 1201 tam
1033 1157 1085 1200 ve-

112 1225 270 1284 liementer
282 1221 444 1298 perculsus
459 1223 576 1282 animus
592 1231 651 1282 tam
668 1223 726 1284 cito
740 1225 840 1298 possit
851 1226 1013 1284 accedere:
1026 1225 1087 1284 hoe

110 1317 213 1368 tamen
232 1313 441 1382 argumentum
465 1307 575 1366 habeto
596 1307 655 1366 iem
678 1309 872 1368 conroborati
893 1309 959 1368 eius
974 1309 1085 1368 etred-
1180 1364 1182 1367 .

5 1385 7 1436 3
113 1391 168 1452 diti
191 1391 263 1462 sibi,
288 1391 314 1450 si
335 1390 446 1464 poterit
464 1405 483 1449 a
499 1389 706 1450 severioribus
721 1391 843 1466 scriptis
859 1391 987 1451 adhaec
1002 1391 1084 1452 solu-

113 1477 191 1536 tiora
212 1471 391 1548 procedere.
423 1474 454 1532 in
474 1473 533 1534 illis
553 1475 633 1533 euim
656 1476 795 1548 quamvis
811 1489 935 1550 aegrum
950 1491 1020 1534 eum
1034 1475 1117 1536 adl

112 1560 174 1620 huc
205 1565 354 1618 etseoum
384 1558 582 1618 reluctantem
609 1556 751 1618 avocabit
773 1559 842 1632 ipsa
867 1572 983 1632 rerum,
1008 1572 1086 1634 quas

114 1642 268 1715 tractabit,
290 1641 468 1702 austeritas=
489 1641 566 1700 haee
584 1657 663 1716 quae
677 1643 807 1702 remissa
822 1643 920 1702 fronte
934 1657 1087 1702 commen-

113 1727 208 1786 tando
230 1733 314 1800 sunl,
335 1741 397 1785 uon
419 1727 509 1800 leret,
530 1725 589 1784 nisi
610 1741 678 1785 oum
700 1725 759 1784 iam
778 1727 836 1785 sibi
851 1727 889 1786 ab
904 1727 985 1785 omni
1002 1732 1088 1800 parte

114 1811 293 1872 constiterit.
314 1809 417 1884 itaque
432 1810 559 1870 debebis
572 1825 641 1868 eum
653 1807 809 1870 severiore
821 1811 947 1869 materia
958 1809 1088 1884 primum

13 1917 16 1930 ⁴
102 1898 276 1965 exercere,
300 1893 569 1964 deinde-hilariore
583 1900 762 1967 temperare.

177 1977 228 2036 IX.
249 1977 349 2036 Illud
364 1991 518 2052 quoquc
533 1991 666 2050 magno
682 1977 752 2036 tibi
767 1973 1117 2049 eritlevament0‚1

115 2060 149 2122 si
182 2075 305 2136 saepe
333 2065 369 2119 te
402 2061 494 2138 [sic]
523 2060 849 2134 interrogaveris:
884 2060 1089 2132 „Utrumne

116 2161 198 2206 meo
226 2144 380 2206 nomiae
408 2145 523 2204 doleo
555 2159 597 2202 an
625 2143 711 2204 eius
741 2143 805 2220 qui
831 2143 1032 2204 decessit?
1062 2141 1089 2202 si

115 2244 200 2301 meo,
227 2226 306 2303 perit
326 2229 433 2304 [lucae]
453 2227 659 2300 indulgentiae
679 2227 800 2288 iactatio
822 2237 852 2288 et
873 2226 979 2302 incipit
1000 2225 1090 2287 dolor

115 2313 176 2372 hoc
190 2327 252 2372 uno
266 2317 447 2386 excusatus,
464 2311 548 2386 quod
562 2311 709 2371 honestus
724 2319 785 2384 est,
801 2311 919 2371 eumad
932 2309 1090 2372 utilitatem

115 2395 278 2470 respiciat,
299 2412 317 2455 a
339 2392 450 2470 pietate
467 2395 652 2455 desciscere.
684 2395 758 2454 nihil
774 2402 873 2454 autem
891 2395 991 2456 miuus
1007 2393 1088 2454 bono

115 2481 183 2540 viro
205 2479 348 2539 contenit
368 2493 459 2554 quam
478 2480 509 2537 in
529 2478 630 2539 lratrIs
646 2481 728 2538 luctu
743 2479 879 2539 calculos
895 2493 1020 2552 ponere.
1057 2475 1120 2538 Sia

116 2561 199 2624 illius
213 2562 336 2623 nomine
348 2563 454 2637 doleo,
471 2571 602 2623 necesse
613 2567 660 2622 est
671 2564 843 2623 alterutrum
856 2577 894 2621 ex
906 2561 954 2621 his
967 2561 1089 2620 duobus

115 2662 190 2707 esse
211 2644 358 2706 iudicem:
385 2659 455 2706 nam
474 2647 500 2707 sl
522 2648 622 2706 nullus
644 2647 793 2707 deluuotis
811 2661 922 2706 sensus
938 2650 1089 2719 superest,

117 2729 218 2790 evasit
235 2731 336 2790 omnia
351 2731 444 2791 frater
464 2745 550 2790 mens
565 2731 646 2790 vitae
661 2727 855 2791 incommoda
869 2735 899 2788 et
913 2727 944 2788 in
960 2743 1030 2788 eum
1043 2743 1089 2787 re-

117 2816 242 2875 stitutus
265 2821 312 2873 est
335 2817 452 2888 locum,
479 2815 511 2874 in
533 2831 594 2889 quo
615 2815 886 2888 lueratautequam
904 2819 1100 2884 nasceretur,

6 2925 7 2928 ¹
117 2905 149 2958 et
160 2913 274 2974 expers
286 2899 387 2959 omnis
398 2899 467 2958 mali
482 2897 556 2957 nihil
567 2899 665 2968 timet,
682 2897 755 2956 nilril
767 2898 864 2972 cupit,
879 2897 953 2956 nilril
965 2895 1090 2971 patitur:

118 2983 190 3057 quis
210 2983 268 3042 iste
284 2983 370 3044 luror
385 2991 433 3042 est
449 2999 505 3057 pro
523 2997 561 3044 eo
576 2997 625 3040 me
640 2999 803 3056 numquam
820 2982 924 3041 dolere
939 2980 1090 3052 desinere,

119 3065 173 3141 qui
183 3080 348 3140 numquam
356 3067 504 3126 doliturus
513 3072 581 3126 est?
596 3065 627 3124 Si
637 3065 801 3140 eslaliquis
809 3065 960 3125 defunctis
970 3075 1124 3135 sensuse

118 3165 202 3209 nunc
216 3149 336 3210 animus
352 3149 453 3209 lralris
465 3149 524 3208 mei
537 3150 619 3208 velut
630 3163 669 3207 ex
683 3149 798 3208 diutino
814 3163 936 3208 carcere
949 3145 1091 3220 emissae,

118 3233 243 3294 tandem
262 3234 311 3294 sui
331 3234 404 3293 iuris
419 3239 449 3294 et
465 3232 592 3304 arbitrii,
616 3232 707 3306 gestit
723 3238 752 3290 ct
763 3247 862 3290 rerum
880 3239 1004 3292 naturae
1022 3246 1092 3306 spe-

119 3318 239 3389 eleculo
251 3317 360 3377 l'rrtilur
371 3325 402 3378 ct
411 3317 545 3378 huruuua
556 3315 703 3376 omniaex
710 3315 869 3389 superiore
877 3315 1091 3390 locodespioil,

118 3400 225 3460 divina
241 3415 330 3475 vero,
353 3417 482 3475 quorum
496 3401 643 3461 rationem
660 3399 772 3458 tamdiu
786 3400 898 3460 frustra
913 3400 1093 3476 quaesierat,

119 3483 250 3560 propius
264 3483 404 3546 intuetur.
428 3485 505 3558 Quid
517 3485 620 3560 itaque
632 3483 699 3544 eius
712 3483 865 3544 desiderio
877 3498 1025 3558 maceror,
1041 3479 1096 3557 qui
1115 3493 1117 3501 ⁴

161 3589 264 3656 seneca
277 3589 345 3628 auru.
360 3573 380 3626 1.
857 3576 889 3628 15
