2528 3906
179 248 234 306 AD
257 245 441 306 MARCIAM
462 245 512 305 DE
535 245 837 306 CONSOLATIONE.
866 257 950 308 1—2.
996 245 1056 310 113

71 396 234 457 desiderio
250 395 373 456 fluentis
389 395 567 468 continebo,
589 395 616 454 si
631 395 697 454 fieri
719 395 864 469 potuerit,
886 398 1007 458 favente
1027 407 1058 460 te

8 553 9 558 ἵ
71 477 222 540 remediis
238 479 357 555 tuis,si
371 479 487 551 minus,
502 480 551 538 vet
566 477 674 550 invita,
695 485 799 537 teneas
814 480 884 539 licet
898 487 928 539 et
943 483 1056 556 ampie-

72 564 161 622 xeris
177 562 317 623 dolorem
331 568 431 635 tuum,
443 576 544 641 ,quem
558 560 612 620 tibi
633 561 663 619 in
677 560 731 620 iiiii
746 562 845 621 locum
861 565 1056 637 superstitem

8 643 10 664 ”
74 646 188 706 iecisti.
230 645 304 718 Quis
328 645 409 703 enirn
433 644 490 704 erit
515 644 610 704 finist
649 644 750 704 omnia
774 645 804 703 in
830 655 1086 720 supervacuumd

74 735 226 804 temptata
242 733 328 787 sunt=
349 728 491 802 fatigatae
512 727 724 788 adlocutiones
745 728 921 788 amicorum.
952 738 1055 791 aueto-

74 814 183 872 ritates
199 825 378 885 magnorum
393 817 424 870 et
437 809 582 871 adfinium
597 811 650 870 tibi
664 809 812 884 virorum,
834 813 948 886 studia,
970 814 1057 874 here·

76 893 220 955 ditarium
234 902 265 954 et
279 901 439 968 paternum
452 893 581 968 bonum,
603 895 715 954 surdas
737 911 828 955 aures
850 897 940 956 inrito
961 905 991 958 et
1005 897 1056 958 vix

75 981 117 1038 ad
143 979 270 1038 brevem
297 978 528 1052 occupationem
554 977 733 1052 proficiente
759 980 867 1040 solatio
888 987 1057 1040 transeunt.

75 1062 154 1122 iliud
173 1062 275 1136 ipsum
291 1063 427 1121 naturale
443 1060 610 1122 remedium
624 1060 786 1136 temporis,
810 1063 894 1137 quod
908 1064 1057 1124 maximas

78 1161 208 1220 quoque
222 1159 384 1204 aerumnas
399 1145 559 1219 conponit,
574 1146 604 1204 in
618 1151 649 1204 tc
663 1161 726 1204 una
738 1145 798 1204 vim
814 1163 901 1205 suam
917 1147 1056 1221 perdidit.

74 1229 196 1289 Tertius
214 1229 273 1287 iam
289 1229 444 1302 praeteriit
457 1243 572 1300 annus,
594 1244 662 1288 cunr
677 1227 796 1288 interim
817 1229 889 1288 nihii
904 1247 943 1290 ex
958 1231 1085 1306 primo?

77 1315 130 1373 iilo
145 1311 253 1387 inpetu
268 1312 385 1372 cecidit.
408 1319 537 1372 renovat
552 1327 587 1372 se
599 1318 629 1370 et
640 1312 824 1372 conroborat
835 1311 946 1373 cotidie
959 1315 1056 1374 tuctus

76 1402 109 1455 et
129 1395 191 1455 iam
212 1394 272 1455 sibi
291 1395 339 1455 ius
360 1411 446 1456 mora
466 1395 537 1454 iecit
558 1410 658 1470 eoque
673 1395 825 1456 adductus
839 1403 900 1468 est,
921 1403 954 1455 nt
973 1404 1059 1471 putet

76 1488 169 1554 turpe
191 1478 343 1538 desinere.
372 1478 634 1552 Quemadmodum
648 1479 750 1538 omnia
764 1479 836 1538 vitia
851 1479 971 1554 penitus
986 1479 1058 1540 insi·

77 1565 169 1635 dunt,
191 1561 251 1621 nisi
267 1563 496 1646 dumsurgunt,
519 1577 670 1638 oppressa
684 1569 770 1636 sunt,
786 1563 828 1624 ito
842 1563 919 1623 haec
933 1579 1059 1639 quoque

77 1645 175 1706 tristia
197 1652 228 1705 et
246 1645 359 1706 misera
378 1654 407 1706 et
425 1645 456 1705 in
477 1661 513 1706 se
527 1645 695 1706 saevientia
707 1647 777 1721 ipsa
791 1647 958 1707 novissime
973 1663 1057 1706 acer-

77 1731 171 1789 bitate
186 1737 355 1804 pascuntur
366 1736 395 1788 et
409 1729 442 1789 tit
452 1728 581 1789 infelicis
594 1729 685 1789 animi
699 1746 795 1805 prava
804 1732 947 1806 voluptas
960 1732 1057 1791 dolor.

80 1813 242 1888 Cupissem
262 1813 365 1888 itaque
384 1813 490 1889 primis
504 1813 694 1888 temporibus
715 1815 755 1874 ad
769 1814 858 1874 istam
873 1813 1088 1874 curationemd

80 1896 240 1957 accedere.
269 1897 384 1957 leviore
405 1896 557 1957 medicina
578 1896 688 1957 suisset
701 1897 803 1958 oriens
818 1898 919 1958 adbuc
934 1897 1057 1957 restrin-

78 1980 181 2054 genda
205 1980 269 2039 vis=
298 1979 508 2040 vehementius
535 1988 641 2041 contra
668 1981 835 2040 inveterata
860 1981 1059 2056 pugnandum

79 2071 135 2124 est.
168 2079 241 2122 nam
268 2065 427 2124 volnerum
455 2079 579 2139 quoque
602 2063 718 2124 sanitas
739 2064 837 2124 tacitis
859 2071 921 2137 est,
948 2065 1059 2125 duma

79 2147 231 2221 sanguine
246 2148 380 2208 recentia
395 2155 474 2207 sunt.
495 2155 568 2208 tune
583 2154 613 2207 et
627 2155 755 2209 uruntur
769 2154 799 2206 et
814 2148 845 2206 in
860 2149 953 2208 altum
970 2163 1059 2207 revo-

80 2237 189 2291 cantur
208 2237 240 2290 et
258 2229 370 2305 digitos
387 2230 585 2292 scrutantium
605 2232 772 2307 recipiunt=
792 2229 844 2291 ubi
864 2239 1008 2307 corrupta
1028 2233 1058 2290 in

79 2315 195 2374 malum
208 2315 297 2374 uicus
312 2323 482 2390 verterunt,
504 2314 658 2374 diiiioilius
674 2322 825 2376 curantur.
847 2315 914 2376 Non
930 2331 1059 2390 possum

81 2412 162 2457 nunc
189 2412 245 2471 per
270 2397 451 2474 obsequium
476 2413 534 2459 nec
559 2399 688 2460 molliter
711 2399 842 2474 adsequi
867 2405 928 2458 tam
951 2399 1058 2458 durum

81 2483 238 2541 dolorem:
261 2481 447 2556 frangendus
464 2490 520 2542 cst.

142 2564 180 2622 ii.
217 2562 307 2624 Soio
332 2567 592 2641 apraeceptis
620 2565 798 2639 incipere
824 2580 970 2639 omues,
995 2566 1089 2639 quil

81 2661 238 2708 monere
260 2648 427 2722 aliquem
449 2650 602 2722 volunt,
625 2649 718 2708 etin
739 2649 930 2720 exemptis
955 2649 1059 2709 desi-

81 2746 181 2790 nere.
204 2731 361 2790 ·mutari
394 2731 494 2792 bunc
530 2733 682 2794 interim
714 2746 857 2791 morem
890 2733 1059 2807 expedit.

81 2815 168 2874 aliter
188 2812 353 2873 enimcum
370 2816 598 2890 alioagendum
620 2824 681 2876 est:
705 2815 855 2891 quosdam
872 2816 949 2876 ratio
969 2816 1059 2889 ducit,

82 2897 267 2972 quibusdam
287 2899 409 2958 nomina
431 2900 512 2958 clara
533 2899 719 2974 opponenda
740 2905 810 2958 sunt
836 2905 866 2958 et
886 2901 1060 2974 auctoritas,

83 2996 162 3056 qnae
177 2981 307 3040 liberum
322 2997 383 3042 non
398 2983 550 3057 relinquat
564 2983 696 3042 animum
708 2983 748 3043 ad
759 2981 905 3057 speciosa
916 2986 1059 3058 stupenti.

82 3066 161 3124 Duo
183 3063 256 3124 tibi
279 3081 416 3140 ponam
439 3073 528 3126 ante
549 3067 687 3134 ocutos
708 3066 869 3126 maxima
885 3075 921 3127 et
941 3082 1089 3134 sexusn

82 3156 118 3206 et
143 3148 274 3208 seculi
297 3148 354 3209 tui
380 3151 575 3225 exempla:
600 3149 724 3210 citerius
750 3149 895 3222 feminae,
921 3166 1000 3224 quae
1026 3167 1061 3210 se

82 3231 207 3316 tradidit
221 3231 378 3292 serendam
392 3234 500 3306 dolori,
515 3231 650 3306 alteriue,
667 3249 746 3307 quae
762 3233 828 3306 pari
843 3232 963 3293 adiecta
976 3250 1061 3306 casu,

82 3316 198 3375 maiore
214 3315 341 3386 damno,
364 3325 540 3378 nontamen
557 3317 641 3375 dedit
657 3318 779 3390 tongum
795 3315 825 3374 in
843 3332 878 3375 se
892 3317 979 3376 malis
996 3316 1061 3376 suis

82 3399 270 3474 dominium,
298 3400 354 3459 sed
380 3403 439 3461 cito
464 3401 597 3460 animum
622 3399 652 3458 in
677 3401 783 3459 sedem
804 3415 891 3460 suam
911 3400 1060 3474 reposuit.

84 3481 248 3541 Octavia
268 3490 304 3542 et
323 3483 445 3621 Ildum,
468 3485 562 3544 altera
583 3499 672 3544 soror
687 3481 835 3556 Augusti,
858 3483 953 3541 altera
972 3487 1091 3548 axona

125 3581 229 3622 seneca
243 3585 314 3624 auu.
347 3613 354 3626 .
893 3571 911 3624 8
