2522 3906
186 213 208 275 6
229 215 363 274 orati.
381 213 514 288 QUARE
525 214 674 288 ALIQUA
685 213 919 278 INCOMMODA
930 213 1045 276 BONIS
1057 215 1167 275 VIRIS
1238 219 1239 238 ³

143 375 178 429 10
187 367 264 424 inter
284 362 388 422 ruinas
410 362 549 438 publicas
569 368 695 422 rectum.
739 361 858 438 ,‚Licat,
879 362 992 440 inquit,
1017 342 1120 426 omnia
1140 366 1171 424 in

186 448 277 508 unius
293 447 439 508 ditionem
454 447 678 519 concesserint,
701 447 912 518 custodiamur
924 448 1098 522 legionibus
1111 457 1171 509 ter·

186 546 254 603 rae,
277 530 429 590 classibus
444 531 552 604 maria,
572 530 774 592 Caesarianus
790 537 896 605 portas
910 529 998 591 miles
1014 531 1172 592 obsideat=
1239 579 1240 588 ,

187 615 260 675 Cato
280 631 342 690 qua
362 621 453 674 exeat
471 613 572 675 habet.
593 631 655 674 una
668 630 760 674 manu
773 615 865 674 latam
879 615 1009 676 libertati
1030 616 1111 676 viam
1127 616 1172 674 la·
1239 609 1240 630 ³

187 699 255 760 ciet.
282 700 395 759 lerrum
410 699 508 773 istud,
529 698 618 759 etiam
632 698 714 760 civili
733 698 814 759 bello
830 715 940 773 purum
955 706 986 759 et
1002 699 1170 773 innoxium,

185 784 286 846 bonas
307 783 430 845 undem
450 798 487 842 ae
508 783 627 842 nobiles
649 784 720 842 edet
734 795 861 858 operas:
895 782 1063 843 libertatem
1078 799 1171 860 quam

186 869 304 944 patriae
319 883 380 928 non
396 866 501 942 potuit,
520 865 626 926 Catoni
648 865 741 927 dabit.
768 866 963 942 Adgredere,
982 868 1095 941 anime,
1117 867 1171 928 diu

185 952 364 1012 meditatum
379 967 474 1025 opus,
493 949 578 1026 eripe
592 957 622 1010 te
635 951 729 1010 rebus
743 949 894 1009 humanis.
916 948 976 1010 iam
989 950 1126 1012 Petreius
1142 959 1172 1011 et

111 1040 116 1053 '
186 1036 262 1096 Iuba
277 1040 535 1096 concucurrerunt
554 1034 716 1108 iacentque
731 1033 807 1094 alter
822 1033 946 1094 alterius
966 1051 1059 1094 manu
1077 1036 1171 1096 caesi.

105 1165 110 1172 .
187 1121 275 1181 lortis
290 1128 320 1180 et
334 1119 457 1193 egregia
473 1117 525 1177 lati
536 1117 713 1190 conventio,
736 1118 791 1176 sed
809 1133 888 1192 quae
906 1134 968 1178 non
986 1119 1095 1178 deceat
1108 1134 1172 1178 ma·

188 1205 375 1280 g-nitudinem
389 1197 533 1262 dostram.
557 1208 616 1260 tam
630 1209 718 1276 turpe
733 1208 780 1260 est
795 1200 901 1261 Catoni
915 1209 1042 1262 mortem
1054 1203 1094 1261 ab
1107 1203 1171 1264 ullo
1241 1208 1242 1268 t

149 1297 294 1365 ttpetere
310 1303 402 1364 quam
417 1287 540 1347 vitam.“
572 1284 682 1360 Liquet
695 1283 767 1344 mibi
788 1299 857 1344 cum
877 1301 987 1360 magno
1009 1294 1171 1360 spectasse
1241 1287 1242 1342 ζ

188 1375 301 1448 gaudio
317 1373 410 1445 deos,
433 1371 568 1432 dumille
584 1369 642 1442 vir,
659 1367 825 1428 acerrimus
841 1369 888 1428 sui
903 1369 1032 1441 vindan,
1053 1370 1171 1430 alienae

188 1459 279 1520 saluti
295 1455 426 1518 consulit
437 1462 467 1514 et
478 1455 598 1513 instruit
612 1451 835 1512 discedentium
849 1453 968 1527 lugam,
986 1453 1058 1513 dum
1070 1454 1172 1515 studia

189 1543 279 1603 etiam
294 1548 385 1601 nocte
398 1539 502 1598 ultima
516 1543 638 1610 tractat,
656 1537 727 1595 dum
739 1535 872 1609 gladium
889 1551 978 1596 sacro
994 1539 1109 1614 pectori
1127 1538 1172 1596 in·
1242 1574 1243 1620 ;

159 1624 163 1636 ‘
189 1628 266 1701 figit,
286 1627 356 1685 dum
379 1623 498 1682 viscera
513 1620 631 1696 spargit
645 1627 675 1679 et
694 1619 775 1678 illam
797 1621 1020 1681 sanctissimam
1040 1622 1172 1682 animam
1242 1647 1243 1682 t

150 1710 407 1784 rrindignamquc
419 1721 499 1780 quae
510 1705 590 1764 lerro
602 1703 864 1778 contaminaretur,
876 1707 1085 1767 manueducit.
1097 1707 1179 1774 Inde,
1242 1731 1243 1734 ¹

190 1789 371 1854 crediderim
383 1790 480 1850 luisse
493 1803 599 1864 parum
611 1793 726 1850 cortun
736 1795 767 1848 et
777 1789 889 1851 efficax
900 1793 1026 1853 volnus:
1043 1791 1172 1851 nonfuit

189 1879 238 1939 dis
253 1874 463 1937 inmortalibus
478 1872 552 1934 satis
564 1880 707 1950 spectare
719 1873 863 1936 Catonem
878 1877 983 1937 semel.
1005 1882 1123 1935 retenta
1135 1889 1171 1934 ac

189 1966 334 2022 revocate
347 1957 444 2021 virtus
462 1965 524 2031 est,
546 1959 625 2019 utin
647 1957 818 2020 difficiliore
833 1967 919 2034 parte
936 1976 971 2020 se
987 1959 1170 2020 ostenderet.

189 2063 251 2106 non
266 2045 346 2105 enim
360 2051 422 2106 tam
432 2060 543 2119 magno
559 2043 660 2104 animo
674 2057 759 2103 mors
776 2044 895 2104 inicitur
910 2059 1001 2118 quam
1014 2043 1171 2117 repetitur.
1243 2069 1244 2100 ;

191 2129 301 2203 Quidni
322 2129 451 2189 libenter
472 2135 647 2204 spectarent
669 2128 821 2188 alumnum
841 2143 930 2188 suum
949 2133 1010 2186 tam
1031 2129 1113 2187 claro
1135 2141 1172 2185 ac

189 2213 376 2276 memorabili
386 2213 487 2274 exitue
496 2213 679 2272 vadentem?
689 2227 771 2272 mors
783 2211 851 2272 illos
862 2217 1030 2288 consecrat,
1044 2225 1172 2286 quorum

191 2300 304 2359 exitum
320 2306 350 2359 et
365 2299 416 2372 qui
430 2299 535 2358 timent
549 2298 681 2358 laudant.

162 2391 175 2442 l
250 2383 301 2442 lll.
321 2381 395 2442 Sed
412 2379 484 2442 iam
502 2382 739 2458 procedente
756 2381 937 2442 oratione
954 2380 1172 2455 ostendam,

191 2483 300 2542 quam
321 2482 393 2526 non
410 2467 487 2526 sint
506 2483 603 2542 quae
622 2465 933 2526 videnturmala=
956 2480 1056 2525 nunc
1073 2465 1172 2524 illud

190 2553 291 2622 dico,
314 2551 389 2612 ista
409 2559 555 2626 quaetu
573 2566 688 2610 vocas
704 2565 864 2624 aspera,
889 2548 1172 2624 quaeadversa

190 2643 228 2696 et
255 2635 528 2704 abominanda,
560 2636 719 2710 primurn
748 2651 815 2708 pro
843 2631 947 2709 ipsis
976 2649 1065 2696 esse
1087 2631 1171 2708 qui-

189 2720 259 2780 bus
282 2719 483 2791 accidunt,
513 2717 653 2778 deinde
676 2735 744 2793 pro
765 2719 983 2791 universis,
1013 2735 1169 2794 quorum

189 2804 309 2864 maior
324 2805 385 2864 dis
404 2819 497 2864 cura
514 2819 624 2878 quam
644 2803 890 2878 singulorum
908 2810 975 2863 est.
997 2803 1170 2878 posthoc

190 2889 413 2949 volentibus
435 2886 621 2947 accidere
641 2903 685 2946 ac
706 2887 847 2962 dignos
869 2889 966 2948 malo
994 2903 1102 2962 esse,
1137 2889 1171 2948 si

189 2973 322 3034 nolint.
367 2971 433 3032 His
456 2969 619 3030 adiciam
640 2972 720 3032 lato
747 2973 824 3033 ista
845 2973 902 3033 sic
927 2979 963 3034 et
984 2979 1087 3034 recte
1108 2988 1172 3033 aa·

188 3057 271 3116 dem
291 3057 377 3132 lege
404 3056 523 3118 bonis
546 3055 704 3117 evenire
733 3075 804 3134 qua
826 3064 915 3118 sunt
940 3057 1041 3118 boni.
1083 3056 1172 3116 Per·

189 3139 363 3202 suadebo
380 3139 524 3200 deinde
540 3140 626 3214 tibi,
649 3157 695 3200 ne
711 3159 889 3219 umquam
905 3142 996 3202 boni
1013 3142 1085 3202 viri
1102 3141 1169 3201 rni-

189 3223 380 3284 serearis=
403 3231 506 3300 potest
521 3225 601 3284 enim
615 3225 709 3286 miser
723 3227 797 3302 dici,
819 3243 881 3288 non
895 3234 999 3304 potest
1014 3242 1095 3287 esse.

160 3317 178 3370 2
251 3307 466 3368 Difficillimum
482 3325 520 3369 ex
536 3308 677 3370 omnibus
693 3326 772 3387 quae
786 3313 935 3388 proposui
951 3313 1070 3372 videtur
1086 3311 1168 3388 quod

189 3391 350 3466 primum
371 3390 468 3466 dixi,
491 3410 559 3468 pro
581 3392 683 3468 ipsis
705 3411 795 3455 esse
817 3395 959 3470 quibus
981 3393 1171 3455 eveniunt

188 3475 277 3551 ista,
299 3493 395 3553 quae
414 3477 613 3540 horremus
632 3493 674 3538 ac
693 3479 897 3540 tremimus.
929 3475 1008 3556 ,mo
1023 3479 1101 3554 ipsis
1113 3485 1169 3554 est
