2522 3906
154 282 183 324 ιν
547 269 779 328 PRAEFATIO·

154 409 229 464 codd.
246 409 449 475 superstitionem
468 415 492 458 et
510 409 642 459 audaciam
659 411 684 458 in
700 409 845 459 deserendis
861 409 997 460 accusabit.
1025 409 1062 458 Aa
1078 409 1168 459 vellem

154 480 270 540 quidem,
288 479 339 528 nisi
353 477 429 527 huius
441 472 560 528 editionis
572 479 707 528 consilinm
719 479 842 538 obstaret,
863 493 949 528 eorum
961 478 1087 542 omnium,
1104 493 1168 541 quae

153 563 202 612 ego
220 548 327 607 novavi,
346 547 469 596 rationem
487 547 609 606 reddere;
628 563 694 598 nuuc
712 561 785 608 vero,
805 548 925 609 quoniam
943 547 970 596 id
983 548 1008 594 in
1021 547 1093 596 aliud
1105 555 1168 596 tem·

152 630 202 681 pus
219 615 385 667 differendum
403 623 455 676 est,
472 615 537 666 illud
550 630 652 665 monere
668 615 730 665 satis
745 614 841 676 habeo,
861 630 913 664 non
930 615 1011 665 luisse
1025 615 1088 680 mihi
1103 615 1167 664 ullas

152 685 274 735 librorum
291 699 353 734 mss.
375 685 460 751 copias
477 686 526 734 nisi
545 700 607 748 quas
624 685 753 736 Fickertus
770 682 886 750 protulit,
912 699 959 734 nec
975 698 1065 734 causas
1083 699 1167 734 emen·

153 754 283 804 dationum
302 769 414 804 mearum
431 753 488 804 aliis
505 755 580 804 rebus
600 754 722 803 contineri
740 753 790 802 nisi
807 753 888 817 ipsius
897 750 1012 804 ‘Senecae
1026 760 1050 802 et
1064 754 1091 802 in
1104 768 1166 816 qua-

151 838 200 884 que
225 839 252 872 re
275 823 380 872 consilio
399 829 423 872 et
441 838 490 871 usu
509 819 607 872 dicendi
625 822 738 872 studiose
756 823 897 872 observate.
935 821 992 870 Non
1010 829 1094 871 tamen
1112 836 1166 870 cre·

150 891 261 942 dandum
279 898 318 941 est
333 894 420 941 tenuia
434 891 498 941 haec
515 905 571 940 esse
583 899 607 940 et
622 906 710 956 parum
720 890 793 940 lirma
807 889 915 950 auxilia,
934 905 1087 954 quamquam
1098 897 1166 948 sunt,

150 961 240 1022 quibus
259 958 354 1010 Seneca
371 961 487 1010 videatur
508 960 572 1010 adeo
590 967 657 1010 totus
678 958 717 1010 vel
733 974 815 1009 rerum
833 975 897 1023 quas
916 967 1003 1009 tractat
1022 959 1105 1008 studio
1126 957 1166 1008 vel

148 1030 284 1081 verborum
299 1036 324 1079 et
339 1029 518 1078 sententiarum
530 1029 613 1091 ,nitido
632 1036 721 1079 ornatu
735 1036 870 1094 occupatus
885 1028 980 1090 luisse,
1001 1037 1027 1076 ut
1038 1029 1092 1078 sine
1106 1042 1166 1076 eon-

148 1097 206 1147 silio
226 1097 279 1147 lere
298 1106 322 1147 et
340 1098 395 1147 sine
414 1097 501 1148 ordine
519 1113 585 1160 quae
604 1098 686 1148 dicere
709 1096 784 1148 vellet
807 1095 945 1147 effunderet
967 1104 992 1146 et
1015 1096 1166 1146 artificiosae

148 1167 268 1216 erationis
288 1167 392 1216 flumine
412 1181 494 1232 vagus
515 1166 636 1227 ferretur,
662 1181 713 1216 non
732 1175 815 1216 autem
834 1165 867 1216 ad
885 1173 980 1216 certum
997 1165 1072 1215 finem
1091 1165 1165 1215 firmo

148 1237 230 1300 gradu
248 1235 423 1295 'contenderet;
448 1236 550 1286 (licendi
565 1252 625 1286 vero
644 1236 801 1286 cousuetudo
818 1243 877 1300 post
902 1234 1039 1284 laudabilia
1061 1235 1097 1284 fl:
1111 1232 1166 1284 Ste-

146 1303 226 1368 phani
242 1304 328 1354 studia
345 1305 410 1354 adeo
431 1304 547 1370 neglecta
566 1306 656 1365 iacuit,
679 1314 708 1354 ut
725 1307 757 1354 ab
776 1305 830 1353 eius
848 1303 969 1370 diligente
990 1304 1166 1354 observatione

146 1380 268 1435 quantum
285 1373 407 1438 praesidii
424 1373 451 1422 in
469 1373 620 1424 emendandi
636 1375 738 1440 negotio
756 1381 842 1437 petere
859 1372 947 1432 liceat,
968 1372 1080 1422 nondum
1098 1372 1132 1420 sit
1150 1385 1166 1420 a

146 1457 274 1505 quoquam
289 1443 496 1493 demonstratum.
534 1442 585 1492 Sed
597 1443 628 1492 de
639 1443 727 1492 ordine
742 1442 845 1504 quidem
860 1441 952 1490 lalsam
965 1456 1021 1490 esse
1034 1440 1166 1506 vulgarem

147 1511 307 1575 opinionem,
327 1527 375 1578 ego
393 1512 484 1560 tacitus
503 1525 570 1560 nunc
585 1513 641 1574 ipsa
656 1509 795 1558 litterarum
813 1509 894 1558 forma
905 1509 1010 1573 planum
1024 1509 1116 1558 iecisse
1126 1510 1165 1559 vi·

146 1575 220 1639 deor;
237 1595 267 1630 ea
284 1580 351 1630 enim
368 1580 458 1640 verba,
477 1581 568 1642 quibus
586 1579 728 1644 argumenti
746 1591 845 1626 summa
861 1585 885 1626 et
901 1585 987 1641 partes
1002 1578 1034 1628 ab
1048 1579 1105 1642 ipsc
1119 1577 1165 1628 Se-

145 1663 208 1699 neca
229 1649 386 1706 indicantur,
410 1647 633 1702 diductislitteris
656 1646 803 1710 plerumque
822 1645 990 1696 describenda
1010 1647 1113 1707 curavi,
1137 1655 1166 1695 ut

145 1717 227 1780 siquis
246 1717 285 1767 vel
304 1717 463 1766 mediocriter
481 1716 608 1766 attendere
626 1715 701 1774 velit,
725 1715 757 1763 de
775 1714 870 1764 ordinis
888 1714 1008 1782 neglectu
1025 1716 1096 1779 queri
1113 1730 1164 1764 non

145 1786 283 1836 admodum
301 1787 391 1849 possit.
417 1783 490 1836 ¹Nam
509 1786 597 1850 negari
616 1798 678 1833 sane
696 1791 858 1848 conpotem,
883 1785 958 1834 sicuti
972 1791 1163 1849 praeceptorem

145 1855 256 1905 Senecae
279 1853 416 1904 Fabianum
436 1854 566 1918 Papirium
583 1859 681 1902 constat
699 1852 835 1915 aliquando
854 1853 880 1900 in
898 1853 1062 1903 declamando
1080 1851 1163 1918 pbilo-

144 1923 252 1989 sophum
275 1922 369 1984 luisse,
396 1924 432 1972 ita
455 1920 577 1972 Senecam
602 1936 659 1972 esse
681 1922 707 1970 iu
733 1919 938 1986 philosophando
958 1922 1161 1980 declamatorem,

144 1993 188 2055 qui
203 1992 277 2042 lacile
292 2006 320 2042 se
335 1991 499 2043 ostentandae
514 1993 574 2040 artis
589 1991 721 2056 occasione
733 2005 783 2040 are
792 1991 924 2054 proposita
932 1991 1023 2040 abduci
1032 1990 1164 2055 paulisper

142 2062 254 2126 patiatur
261 2097 268 2122 ‚
285 2068 326 2121 ut,
345 2061 415 2124 quod
428 2059 596 2124 Quintilianus
608 2061 657 2119 ait,
675 2059 719 2108 fiat
728 2061 809 2109 oratio
819 2059 875 2109 eius
885 2061 989 2110 sinuosa
999 2067 1023 2108 et
1033 2059 1161 2108 accersitis

144 2130 370 2194 descriptionibus,
392 2131 417 2182 iu
435 2145 497 2192 quas
511 2129 625 2194 plerique
641 2129 781 2179 imitatione
792 2129 909 2193 poeticae
928 2128 1044 2178 licentiae
1063 2127 1161 2176 ducun-

142 2207 196 2259 tur,
216 2199 338 2248 lasciviat.
377 2197 444 2248 Satis
463 2207 501 2248 est
520 2199 574 2247 eius
590 2199 626 2246 rei
643 2212 721 2246 unum
738 2197 839 2261 insigne
856 2205 958 2261 praeter
975 2205 1058 2246 cetera
1076 2209 1161 2244 exem-

142 2267 213 2330 plum
231 2281 372 2316 memorare
390 2283 403 2316 e
419 2267 476 2316 Nat.
492 2265 662 2327 Quaesttllib.
673 2267 719 2324 ΙΙΙ,
736 2283 758 2315 e.
768 2268 801 2316 27
817 2280 872 2329 sqq.
884 2265 929 2315 ubi
941 2273 1040 2330 arrepta
1051 2265 1162 2330 benigna

143 2336 280 2385 luxurianti
303 2336 405 2401 ingenio
431 2337 535 2386 materia
558 2334 661 2385 fatalem
679 2335 769 2385 diluvii
788 2335 855 2384 diem
874 2335 992 2384 describit
1008 2349 1055 2383 nec
1073 2348 1161 2382 aemu-

142 2405 208 2454 latur
225 2405 301 2454 mcdo
318 2405 436 2455 Ovidium
456 2405 596 2455 sedetiam
615 2412 694 2453 artem
712 2405 767 2454 eius
785 2403 920 2453 examinat.
958 2403 1009 2452 Sed
1034 2401 1161 2452 eiusmodi

143 2473 293 2523 emblemata
311 2474 419 2523 orationi
438 2473 525 2524 ordine
543 2473 691 2538 procedenti
707 2485 804 2522 moram
816 2487 877 2522 sane
892 2473 1027 2532 obiiciunt„
1047 2471 1161 2522 ordinem

143 2543 245 2604 quidem
267 2544 351 2607 ipsum
370 2557 420 2592 uon
438 2543 546 2592 turbant.
585 2541 702 2592 Ceterum
720 2542 853 2604 quominus
871 2549 939 2590 recte
957 2541 1051 2602 ubique
1068 2541 1160 2590 eratic-

143 2613 182 2659 nis
201 2611 353 2662 continuitas
367 2619 393 2661 et
403 2625 554 2677 progressus
566 2611 761 2676 intelligeretur,
779 2610 849 2659 haud
861 2611 983 2676 exiguum
995 2609 1160 2674 impedimen·

141 2687 195 2728 tum
211 2679 259 2730 fuit
277 2680 470 2745 perversissima
487 2695 564 2744 saepe
582 2681 695 2744 capitum
714 2687 738 2729 et
756 2680 880 2728 minorum
898 2681 1010 2744 partium
1022 2678 1159 2738 distinctio,

141 2748 206 2798 adeo
224 2748 267 2796 illa
287 2751 430 2813 importuna
447 2763 648 2812 nonnumquam,
673 2758 770 2800 utnon
789 2747 872 2798 solum
890 2748 1013 2797 sententia
1031 2747 1160 2811 scriptoris

142 2818 317 2867 obscuraretur
334 2816 381 2866 sed
397 2819 454 2882 ipsa
473 2819 548 2870 etiem
565 2819 691 2884 scriptura
708 2823 909 2883 corrumperetur
926 2825 970 2864 aut
985 2823 1103 2880 corrupta
1119 2831 1160 2864 re-

142 2893 182 2936 cte
200 2886 328 2936 emendari
346 2900 396 2936 non
412 2894 511 2951 posset;
531 2903 561 2937 ac
577 2888 691 2938 Fickerto
710 2889 812 2950 quidem
830 2885 947 2949 religioni
965 2883 1013 2932 luit
1029 2881 1160 2934 inhaere

142 2963 240 3004 mutare
255 2955 404 3021 quiequam,
419 2956 561 3007 scilicetne
574 2959 700 3007 variarum
715 2957 852 3006 editionum
866 2953 964 3002 numeri
974 2952 1159 3018 discreparent3

142 3039 190 3088 ego
209 3039 269 3074 vero
288 3023 358 3087 qued
374 3024 437 3074 mihi
456 3026 559 3091 gravius
574 3025 761 3076 incommodum
779 3025 862 3074 visum
880 3029 931 3082 est,
954 3021 1060 3080 sustuli,
1078 3021 1161 3072 levius

141 3093 205 3142 illud
221 3093 354 3142 ferendum
367 3094 527 3155 existimavi,
547 3109 576 3144 eo
589 3102 673 3144 tamen
686 3098 882 3158 temperamento
894 3105 972 3152 usus,
990 3097 1077 3141 utnon
1087 3091 1161 3152 quasi

141 3163 168 3212 in
191 3177 218 3210 re
242 3162 340 3226 integra
361 3177 453 3212 novam
477 3163 662 3213 distinctionem
685 3160 809 3225 lacerem,
834 3160 881 3210 sed
901 3158 1033 3225 vulgarem
1056 3159 1159 3224 ferrem,

142 3231 227 3294 quoad
243 3231 298 3279 eius
315 3229 371 3280 fieri
388 3231 443 3280 sine
461 3245 550 3280 sensus
570 3231 718 3280 detrimento
731 3237 832 3296 posset,
851 3229 1013 3294 capitumque
1027 3242 1160 3278 numerum

142 3301 283 3348 minuerem
301 3312 450 3361 numquam,
477 3313 595 3364 augerem
613 3297 684 3358 raro,
709 3300 753 3350 ubi
771 3299 815 3362 qui
832 3313 863 3347 ca
879 3299 977 3363 primus
996 3297 1095 3358 divisit,
1115 3297 1159 3347 cb-

142 3369 235 3418 livione
254 3367 365 3430 aliquem
383 3366 466 3416 locum
479 3367 649 3418 transmisisse
662 3367 771 3417 videtur.
806 3363 939 3416 Praeterea
951 3381 1016 3430 quae
1029 3373 1159 3429 tamquam

142 3436 285 3486 adversarii
308 3436 384 3485 verba
405 3436 458 3484 suis
483 3437 640 3501 interponere
657 3435 721 3486 solet
740 3435 850 3496 Seneca,
869 3435 930 3485 utile
948 3435 1058 3492 iudicavi
1076 3435 1159 3500 signis

141 3506 232 3570 positis
251 3519 397 3564 secernere,
416 3505 534 3566 qnoniam
551 3505 578 3554 id
595 3520 695 3568 quoque
710 3505 815 3554 multum
834 3505 917 3554 lucere
934 3503 967 3554 ad
985 3519 1082 3554 errores
1099 3518 1159 3568 pro-

143 3574 268 3624 hibendos
289 3572 468 3623 animadverti.
