2554 3888
119 243 122 249 ·
231 224 294 288 aaa
389 189 423 284 u.
444 224 591 284 unuani
614 221 789 284 suuucnu
808 224 910 283 urat.
925 224 989 284 xu.

234 379 310 453 Quid
334 379 418 454 quod
433 377 522 438 novis
539 376 640 437 verbis
655 391 712 436 nec
727 391 765 435 ex
780 373 899 450 volgari
913 381 943 434 et
957 375 1111 436 cotidiana
1125 393 1207 437 sum·
1260 425 1261 470 ,

234 464 293 537 ptis
313 461 508 522 adlocutione
528 476 610 536 opus
629 469 694 520 erat
713 459 828 520 homini
848 459 889 518 ad
904 459 1115 520 consolandos
1131 477 1207 520 suos
1260 475 1261 492 ¹

232 563 271 606 ex
291 545 362 620 ipso
381 561 458 620 rogo
482 551 573 619 caput
587 543 766 624 adlevanti?
798 541 897 604 omnis
913 549 1012 602 autem
1028 545 1207 618 magnitudo

232 628 349 690 doloris
367 629 492 689 modum
514 627 691 688 excedentis
712 641 843 698 necesse
862 633 910 686 est
930 627 1079 686 delectum
1094 629 1206 688 verbo-

230 730 298 773 rum
313 712 430 787 eripiat,
446 728 514 772 cum
529 725 625 786 saepe
640 725 747 772 vocem
760 724 884 786 quoque
898 709 998 786 ipsam
1012 711 1206 772 intercludat.

198 799 217 852 4
231 797 403 872 Utcumque
420 793 558 855 connitor
572 809 633 853 nou
649 793 762 854 fiducia
775 791 897 868 ingenii,
917 793 974 852 sed
989 795 1062 869 quia
1075 810 1207 870 possum

231 881 328 940 instar
348 878 580 938 efficacissimae
602 876 823 938 consolationis
844 892 916 937 esse
930 874 999 952 ipse
1017 879 1205 940 consolator.

231 964 280 1022 cui
299 961 372 1022 nihil
394 977 540 1036 negares,
567 961 638 1020 huic
658 961 718 1020 hoc
737 959 844 1036 utique
863 969 893 1020 te
914 975 976 1020 non
991 976 1064 1021 esse
1079 970 1205 1036 negatu-

229 1062 311 1120 ram,
331 1046 402 1106 licet
416 1045 515 1106 omnis
529 1059 652 1104 moeror
666 1051 829 1105 contumax
844 1045 897 1120 sit,
913 1059 1022 1120 spero,
1037 1051 1069 1104 ut
1083 1045 1205 1106 deside·

229 1129 274 1190 rio
291 1137 342 1190 tuo
356 1129 433 1188 velis
449 1143 529 1190 ame
543 1129 666 1188 modum
682 1129 782 1188 statui.
861 1190 863 1194 ,

203 1225 218 1275 1
291 1213 327 1272 ΙΙ.
348 1211 429 1272 Vide
443 1218 588 1288 quantum
601 1211 640 1271 de
651 1211 838 1286 indulgentia
848 1219 900 1271 tua
911 1211 1104 1286 promiserim
1115 1211 1205 1272 milri:
1262 1285 1263 1290 ἵ

230 1296 432 1370 potentiorem
453 1311 502 1356 me
522 1296 656 1356 futurum
670 1296 754 1372 apud
768 1303 798 1356 te
812 1311 873 1356 non
889 1295 994 1355 dubito
1004 1310 1102 1376 *quarn
1117 1296 1203 1356 doio·

229 1395 294 1439 rem
308 1387 405 1453 tuum,
429 1395 490 1454 quo
505 1378 579 1438 nihil
594 1386 642 1439 est
656 1378 739 1453 apud
754 1377 885 1440 miseros
899 1377 1064 1454 potentius.
1097 1380 1205 1455 Itaque

125 1509 127 1516 .
230 1478 270 1523 ne
290 1463 390 1524 statim
411 1479 480 1524 oum
501 1479 539 1524 eo
560 1477 752 1537 concurram,
775 1463 869 1538 adero
889 1462 974 1538 prius
989 1462 1031 1522 illi
1046 1463 1205 1538 atquibus

230 1547 538 1621 exciteturingeram·
568 1544 1203 1620 omniaproierametrescindam,
1263 1559 1264 1616 ᾗ

201 1635 332 1704 aquae
353 1630 424 1689 iam
448 1630 731 1691 obductasunt.
762 1629 850 1690 Dicet
864 1627 989 1705 aliquis:
1015 1631 1127 1704 „quod
1145 1631 1204 1690 hoc

230 1729 328 1788 genus
344 1720 392 1774 est
406 1713 596 1787 consolandi,
612 1713 771 1773 obliterato
781 1715 1018 1773 malarevocare
1029 1721 1060 1774 ct
1070 1714 1204 1774 animum

229 1797 260 1856 in
277 1796 410 1857 omnium
424 1813 635 1857 aerumnarum
652 1812 776 1857 suarum
791 1803 961 1872 conspectu
974 1797 1139 1858 conlocare
1152 1799 1204 1856 vix

228 1880 320 1941 unius
337 1880 542 1956 patientcmt“
565 1880 663 1942 sedis
678 1881 801 1954 cogitet,
818 1895 1031 1955 quaecumque
1045 1897 1149 1957 usque
1165 1897 1203 1940 eo

229 1965 405 2040 perniciosa
424 1972 508 2039 sunt,
531 1972 686 2026 utcontra
704 1963 872 2024 remedium
894 1965 1118 2038 convaluerint,
1141 1967 1202 2040 ple-

228 2063 358 2122 rumque
384 2049 542 2108 contrariis
564 2049 673 2108 curari.
706 2049 804 2107 omnis
825 2048 928 2123 itaque
942 2048 1042 2108 luctus
1059 2049 1103 2110 illi
1117 2065 1202 2120 suos,
1264 2053 1265 2084 ³

230 2129 331 2190 omnia
345 2131 485 2205 lugubria
499 2131 686 2193 admovebo:
701 2131 760 2192 hoc
775 2131 832 2190 erit
845 2147 905 2192 non
922 2132 1005 2192 molli
1015 2133 1067 2192 via
1077 2133 1203 2204 mederi,

230 2214 286 2273 sed
304 2229 392 2273 urere
407 2229 443 2274 ac
459 2229 575 2276 secare.
599 2213 677 2289 Quid
691 2222 886 2290 consequar?
899 2223 933 2276 ut
944 2215 1058 2291 pudeat
1070 2217 1203 2278 animum

231 2303 273 2356 tot
288 2296 476 2357 miseriarum
492 2299 638 2358 victorem
652 2315 744 2375 aegre
759 2301 839 2360 ierre
853 2315 946 2359 unum
960 2301 1075 2360 volnus
1090 2299 1121 2360 in
1137 2315 1203 2359 cor-

113 2413 115 2417 ·
201 2382 305 2455 apore
332 2387 392 2440 tam
418 2381 609 2443 cicatricoso.
639 2382 746 2443 Fleant
769 2383 873 2457 itaque
894 2382 1007 2443 diutius
1025 2390 1056 2465 et
1070 2391 1201 2458 gemant,

231 2480 359 2539 quorum
381 2465 527 2526 delicatas
548 2471 666 2526 mentes
686 2466 843 2526 enervavit
863 2467 955 2541 longa
974 2466 1103 2528 felicitas
1118 2474 1150 2526 et
1164 2469 1204 2526 ad

228 2547 451 2609 levissimarum
470 2549 646 2609 iniuriarum
665 2557 766 2610 motus
788 2551 1000 2612 conlabantur=
1022 2558 1055 2611 at
1074 2567 1203 2626 quorum

229 2647 338 2692 ornnes
353 2633 424 2694 anni
441 2647 497 2707 per
512 2632 699 2694 calamitates
713 2633 912 2708 transierunt,
927 2633 1111 2708 gravissima
1126 2649 1203 2709 quo-

230 2731 290 2788 que
309 2715 378 2776 forti
400 2723 430 2776 et
450 2714 586 2776 inmobili
608 2716 777 2777 constantia
798 2717 962 2790 perierant.
995 2717 1096 2778 Unuui
1110 2717 1204 2776 habet

228 2798 360 2859 adsidua
373 2799 532 2860 infelicitas
546 2798 677 2872 bonurn,
693 2800 778 2875 quod
792 2817 871 2874 quos
886 2815 1009 2875 semper
1023 2809 1130 2874 vexat,
1149 2818 1202 2861 no-

199 2882 355 2942 lvissimo
369 2883 499 2954 indurat.
520 2883 640 2943 Nullam
652 2882 706 2944 tibi
721 2886 842 2944 fortuna
860 2885 1052 2946 vacationem
1063 2883 1158 2957 dedit
1174 2893 1204 2944 et

227 2965 418 3039 gravissimis
441 2965 573 3027 luctibus
599 2982 639 3026 ne
662 2968 793 3027 natalem
813 2968 937 3042 quidem
958 2976 1043 3028 tuum
1064 2969 1203 3044 excepit:

228 3047 356 3110 amisisti
375 3057 501 3110 matrem
521 3050 621 3112 statim
641 3057 727 3126 nata,
748 3052 839 3112 immo
854 3052 927 3112 dum
942 3051 1095 3127 nasceris,
1117 3053 1205 3112 etad

226 3133 319 3192 vitam
340 3133 567 3208 quodammodo
592 3134 736 3210 exposita
755 3151 800 3196 es.
832 3135 962 3196 Crevisti
979 3137 1037 3196 sub
1057 3152 1203 3197 noverca.

230 3232 322 3289 quam
336 3223 369 3276 tu
384 3217 506 3292 quidem
523 3218 604 3279 omni
620 3217 770 3294 obsequio
785 3225 816 3278 et
830 3219 957 3294 pietate,
979 3228 1093 3296 quanta
1107 3222 1157 3280 vel
1173 3219 1204 3280 in

229 3297 292 3358 filia
312 3299 449 3374 conspici
472 3309 586 3376 potest,
612 3309 737 3362 matrem
758 3301 825 3362 fieri
841 3303 978 3379 coegisti.
1013 3303 1204 3366 nullitamen

230 3396 291 3440 non
307 3397 418 3455 magno
433 3385 567 3445 constitit
580 3386 669 3446 etiam
684 3385 765 3446 bona
778 3402 921 3447 noverca.
950 3389 1144 3449 Avunculum
1159 3389 1205 3448 in-

230 3463 508 3540 dulgentissimum,
537 3469 682 3542 optimum
708 3486 744 3529 ac
770 3469 968 3532 fortissimum
995 3473 1108 3546 virum,
1135 3488 1204 3533 oum
