2546 3890
211 261 276 326 258
401 259 434 320 L.
457 259 604 321 ANNAEI
628 258 803 320 SENECAE
824 261 928 321 DlAL.
947 261 1012 322 llll.

215 415 261 476 sic
275 413 305 472 in
320 412 611 483 metranstuleram,
625 409 671 470 sic
685 406 758 470 mihi
772 408 1013 485 adscripseram,
1032 418 1068 472 ut
1084 421 1198 486 posset

212 497 325 571 videri,
352 496 436 570 quod
458 510 507 554 me
531 494 645 570 amisit,
672 493 812 568 quamvis
837 495 925 555 salvo
951 501 1037 569 patre
1063 497 1195 571 pupilla.

212 581 294 641 hane
308 587 338 640 et
351 596 408 655 pro
423 595 471 638 me
486 577 588 652 dilige.
609 575 743 638 Abstulit
752 577 795 637 illi
806 594 905 653 nuper
916 579 1038 640 fortuna
1048 585 1196 639 matrem=

213 673 267 726 tua
282 671 385 740 potest
399 663 522 724 elhcere
536 661 648 738 pietas,
664 667 698 721 ut
713 661 888 736 perdidisse
901 678 936 722 se
951 668 1076 721 matrem
1089 663 1197 724 doleat

182 757 342 822 amotum,
363 764 425 808 non
440 754 470 807 el
483 746 602 806 sentiat
634 760 716 804 nunc
730 761 832 805 mores
848 746 915 806 eius
931 761 1090 821 conpone,
1111 763 1195 806 nunc

214 835 328 894 forma:
349 831 438 891 altius
459 837 625 906 praecepta
645 829 851 901 descendunt,
874 845 954 904 quae
970 831 1082 890 teneris
1097 829 1194 905 inpri-

213 922 336 976 muntur
356 913 515 974 aetatibus.
548 913 608 972 luis
630 913 795 973 adsuescat
816 913 1019 974 sermonibus.
1052 913 1194 974 adinum

214 1001 346 1074 tingatur
361 996 531 1058 arbitrium:
553 996 679 1056 multum
694 995 737 1056 illi
756 996 862 1071 dabis,¹
874 995 993 1058 etiamsi
1007 997 1082 1056 nihil
1097 997 1194 1057 dede-

213 1084 255 1142 ris
271 1087 391 1157 praeter
405 1081 587 1154 exemplum.
608 1080 675 1140 Hoc
689 1079 743 1140 tihi
755 1087 816 1140 tam
826 1081 974 1142 sollemne
986 1081 1122 1141 cilicium
1136 1097 1194 1156 pro

213 1165 349 1226 remedio
375 1164 445 1225 erit:
471 1180 532 1223 non
561 1171 663 1238 potest
682 1163 762 1223 enim
783 1164 915 1224 animum
937 1164 988 1238 pie
1003 1165 1195 1238 dolentema

215 1249 420 1310 sollicitudine
434 1255 572 1308 avertere
587 1248 645 1307 nisi
660 1255 712 1307 aut
724 1248 801 1308 ratio
812 1256 864 1309 aut
873 1249 1003 1309 honesta
1015 1249 1195 1322 occupatio.

185 1335 459 1408 thumerarem
485 1331 587 1392 inter
611 1347 746 1406 magna
767 1331 916 1392 solatia
932 1338 1078 1408 patrem
1094 1349 1193 1407 quo-

215 1433 288 1495 que
301 1425 420 1492 tuum,
437 1416 511 1476 nisi
527 1416 697 1476 abesset.
726 1431 808 1476 nunc
822 1422 921 1476 tamen
936 1431 976 1476 ex
989 1415 1113 1476 adiectu
1127 1422 1194 1490 tuo,

215 1503 267 1579 qui
288 1501 369 1564 illius
384 1501 414 1560 in
434 1509 464 1561 te
481 1499 521 1560 sit
542 1500 657 1574 cogita=
680 1499 854 1574 intelleges,
881 1507 995 1575 quanto
1017 1499 1129 1560 iustius
1153 1502 1195 1560 sit

214 1594 245 1647 te
270 1582 313 1644 illi
340 1583 456 1658 seruari
481 1599 571 1658 quam
598 1583 671 1642 mihi
695 1583 830 1660 inpendi.
870 1583 1013 1658 quotiens
1037 1582 1193 1651 teinmo-

215 1668 285 1730 dica
308 1668 357 1728 vis
383 1666 500 1728 doloris
520 1667 666 1727 invaserit
691 1675 722 1726 et
746 1667 835 1742 sequi
860 1683 894 1727 se
919 1664 1049 1741 iubebit,
1073 1674 1193 1742 patrem

215 1751 325 1828 cogita.
359 1752 408 1811 cui
428 1759 460 1812 tu
481 1751 602 1827 quidem
622 1757 666 1812 lot
678 1757 809 1827 nepotes
824 1758 1073 1826 pronepotesque
1087 1751 1192 1812 dando

215 1836 352 1910 effecisti,
364 1852 403 1895 ne
418 1836 508 1898 unica
520 1851 623 1896 esses:
639 1835 861 1895 consummatio
872 1842 971 1896 lamen
984 1835 1092 1894 aetatis
1104 1844 1192 1896 actae

214 1919 343 1982 ieliciler
356 1921 428 1980 inte
442 1919 575 1980 vertitur.
598 1920 652 1979 lllo
667 1919 739 1979 vivo
754 1920 842 1978 nelos
858 1925 905 1978 est
916 1925 954 1994 te,
968 1919 1052 1994 quod
1062 1917 1191 1992 vixeris,

216 2005 313 2081 queri.

183 2095 199 2147 1
275 2088 353 2148 XIX.
376 2087 576 2147 Maximum
598 2088 719 2148 adhuc
740 2084 1040 2146 solatiumtuum
1056 2093 1192 2146 tacue·
1257 2085 1258 2114 ³

214 2188 309 2243 ram,
326 2186 505 2230 sororem
519 2179 628 2242 luam,
643 2171 717 2232 illud
731 2169 943 2230 fidelissimum
957 2169 1010 2228 tihi
1025 2177 1144 2245 peetus,
1160 2171 1191 2230 in

216 2253 301 2330 quod
315 2268 421 2314 omnes
436 2268 528 2313 curae
542 2261 612 2314 tuae
626 2271 683 2330 pro
699 2254 831 2315 indiviso
846 2254 1085 2328 transferuntur,
1106 2254 1191 2314 illum

217 2337 350 2398 animum
371 2337 512 2398 omnihus
533 2335 622 2398 nohis
637 2343 814 2398 maternum.
845 2353 913 2397 cum
928 2337 987 2397 hac
1001 2345 1034 2398 tu
1047 2338 1191 2397 lacrimas

186 2427 284 2482 alcas
299 2419 462 2495 miscuisti,
477 2422 506 2480 in
520 2421 610 2482 hulus
625 2437 754 2497 primum
769 2420 929 2496 respirasti
945 2421 1023 2482 sinu.
1052 2421 1107 2480 llla
1124 2421 1191 2494 qui·
1256 2455 1257 2471 ι

215 2507 285 2566 dem
306 2504 445 2567 adlectus
466 2513 537 2566 tuos
558 2521 681 2581 semper
696 2505 850 2580 sequilum
875 2505 905 2564 in
920 2519 989 2564 mea
1003 2513 1104 2564 tamen
1120 2520 1191 2579 per-

215 2605 294 2650 sona
313 2605 375 2649 non
396 2597 511 2650 tantum
535 2605 591 2664 pro
613 2590 749 2649 redolet
782 2587 866 2649 lllius
880 2586 1021 2648 manibus
1035 2589 1066 2646 in
1081 2587 1190 2650 urbem

215 2675 352 2750 perlatus
368 2690 445 2734 sum.
478 2673 558 2733 illius
573 2673 623 2748 pio
638 2679 836 2746 maternoque
850 2671 977 2732 nutricio
994 2672 1190 2746 perlongum
1255 2679 1256 2702 1

215 2764 337 2832 tempus
357 2773 449 2832 aeger
470 2757 622 2816 convalui.
654 2756 705 2816 illa
726 2771 781 2830 pro
798 2763 964 2830 quaestura
977 2770 1047 2814 mea
1060 2753 1189 2831 gratiam

215 2855 302 2902 suam
316 2841 453 2902 extendit
465 2847 496 2900 et
509 2855 588 2915 quae
603 2855 641 2900 ne
656 2840 806 2900 sermonis
822 2838 945 2914 quidem
960 2845 1012 2906 aut
1026 2839 1128 2898 clarae
1139 2854 1188 2898 sa·

213 2922 369 2985 lutationis
396 2924 538 2984 sustinuit
560 2924 734 2994 audaciam,
761 2939 817 2998 pro
841 2939 889 2984 me
909 2921 983 2982 vicit
1000 2920 1189 2996 indulgentia
1254 2999 1255 3004 ἵ

210 3007 440 3069 vuerecundiam.
471 3005 550 3066 Nihil
571 3007 612 3066 illi
634 3006 792 3066 seductum
806 3007 886 3066 vilae
900 3021 1013 3081 genus,
1034 3005 1109 3064 nihil
1123 3021 1188 3065 mo·

215 3091 315 3152 destia
340 3097 393 3164 [ut]
418 3091 449 3151 in
474 3096 557 3150 tanta
576 3091 753 3150 laminarum
776 3089 940 3164 petulantia
959 3087 1088 3161 rustica,
1115 3088 1189 3148 nihil

216 3175 321 3248 quies,
343 3173 416 3234 nihil
437 3173 546 3235 secreti
566 3179 597 3232 el
615 3174 655 3232 ad
675 3173 769 3233 otium
785 3172 914 3248 repositi
936 3188 1039 3234 mores
1062 3172 1187 3232 obstita

180 3263 295 3330 erunt,
315 3274 375 3332 quo
391 3257 490 3318 minus
506 3273 563 3332 pro
578 3272 627 3316 me
641 3256 730 3316 etiam
744 3255 907 3317 ambitiosa
920 3257 1015 3316 lieret.
1047 3255 1116 3318 Hoc
1131 3264 1188 3328 est,

215 3345 312 3400 mater
325 3340 496 3412 carissima,
512 3340 652 3400 solatium
669 3356 730 3416 quo
744 3341 908 3402 reficiaris:
923 3340 966 3400 illi
980 3347 1025 3414 le,
1041 3347 1188 3416 qnantum

215 3429 321 3498 potes,
336 3423 445 3497 iunge,
460 3422 539 3483 illius
554 3421 715 3484 artissimis
730 3424 922 3498 amplexibus
936 3422 1048 3499 adligo.
1082 3423 1190 3485 Solent

213 3511 387 3566 moerentes
407 3521 460 3581 ea,
482 3521 560 3580 quae
581 3505 712 3566 maxime
733 3506 874 3583 diligunt,
899 3509 1006 3584 lugere
1021 3515 1052 3569 et
1065 3506 1189 3570 liberta·
